2081 3193
538 169 710 196 TABULAE.
729 183 762 187 —
781 167 1011 194 SCRIPTORUM
1030 167 1059 192 Τ.
1074 166 1185 193 XXVII.
1206 166 1331 192 XXVIII,
1752 163 1791 193 57

1680 213 1754 238 Pngg.

136 260 245 290 XXIX.
278 260 322 288 Ex
343 258 504 287 Annalibus
526 254 780 284 Wintoniensibus
801 262 826 282 a.
851 251 1034 281 1109—1281
1066 271 1598 279 ,,,,,,,,,,,,
1640 248 1791 275 449-458

431 304 474 333 Ex
496 303 658 332 Annalibus
680 299 949 329 Waverleiensibus
972 308 996 327 a.
1021 298 1205 325 1122-1291
1261 319 1600 325 ........
1641 294 1792 323 458-464

429 351 475 379 Ex
495 349 656 379 Annalibus
678 346 934 384 wigorniensibus
956 355 980 374 a.
1005 345 1191 373 1105—125415
1215 365 1601 373 .........
1642 341 1792 368 *ltu—473

430 398 475 426 Ex
494 396 657 426 Annalibus
679 393 985 423 Teokesburionsibus
1006 402 1030 420 a.
1056 391 1242 419 1147-1258
1262 411 1601 419 ........
1642 387 1794 414 aum—470

152 447 244 477 XXX.
277 447 322 475 Ex
342 445 504 474 Annalibus
526 442 757 471 Burtonensibus
779 451 803 468 a.
831 438 1018 467 1211-1262
1070 458 1600 466 ............
1642 434 1793 461 473-484.

136 494 245 524 XXXI.
277 493 321 521 Ex
342 492 504 521 Annalibus
526 489 758 519 Oseneiensibus
781 497 804 515 a.
830 485 1017 514 1133—1293
1070 506 1601 514 ............
1642 481 1792 509 484-503

431 538 476 566 Ex
496 537 629 566 Thomae
651 536 687 563 de
710 534 820 572 Wykes
843 534 988 562 Chronico
1010 542 1034 561 a.
1060 531 1246 559 1147—1287
1262 551 1602 559 ........
1642 528 1793 556 454-502

430 585 523 613 Notae
543 583 683 621 Anglicae
705 592 730 610 a.
754 580 940 609 1240-1271
976 598 1603 609 ..............
1741 574 1793 600 503

124 634 248 664 XXXII.
280 634 324 663 Ex
344 633 507 662 Annalibus
528 629 796 667 Dunstaplensibus
818 638 843 657 a.
868 626 1055 655 1207-1297
1069 644 1603 655 ............
1643 620 1793 656 504-513

104 682 244 712 XXXIII.
276 681 403 710 Annales
425 680 574 708 Dorenses
595 688 619 706 a.
642 674 814 706 687—1362
830 690 1603 704 .................
1645 668 1791 695 514-531

649 752 934 809 Scriptorum
965 756 994 793 t.
1018 747 1230 792 XXVIII.

738 817 952 848 Hannoverae
978 815 1059 847 1888
1083 814 1138 845 fol.

322 889 384 921 EX
407 887 565 920 RERUM
588 885 881 918 ANsffiIOARUM
905 881 1228 915 SORLPTORIBUS
1252 878 1439 911 SAECULI
1461 877 1551 908 XIII.

737 937 797 968 Ed.
821 936 858 967 F.
881 935 1140 966 LIEBERMANN.

226 1002 248 1031 Ι.
280 1002 325 1030 Ex
344 1001 458 1038 Rogeri
479 1000 516 1028 de
530 999 699 1027 Wendover
712 996 849 1026 monaehi
869 995 896 1024 S.
911 995 1018 1024 Albani
1031 994 1167 1023 Floribus
1182 992 1369 1021 historiarum
1390 1000 1414 1018 a.
1437 987 1606 1017 304-1235
1685 988 1740 1013 3—
1762 986 1797 1013 73

213 1049 250 1078 II.
281 1049 326 1077 Ex
346 1047 458 1077 Mathei
478 1046 654 1075 Parisiensis
676 1044 812 1074 monachi
834 1043 861 1071 S.
884 1042 990 1071 Albani
1011 1041 1148 1078 operibus
1168 1057 1605 1068 ..........
1667 1033 1797 1060 74-443

434 1094 478 1122 Ex
500 1093 632 1122 Cronicis
653 1091 815 1120 Maioribus
836 1099 861 1119 a.
882 1088 1035 1117 47—1259
1072 1103 1607 1115 ............
1651 1079 1798 1108 107—389

431 1141 477 1169 Ex
497 1141 585 1169 Libro
608 1139 872 1168 additamentorum
926 1154 1315 1165 .........
1352 1130 1460 1168 passim
1481 1129 1511 1157 in
1532 1128 1607 1157 notis
1651 1126 1798 1154 107—384

434 1189 478 1217 Ex
499 1187 628 1216 Historia
648 1186 809 1223 Anglorum
829 1194 854 1212 a.
880 1181 1065 1211 1067—1253
1121 1199 1606 1210 ...........
1647 1173 1798 1201 390-434

433 1236 478 1264 Ex
498 1235 573 1263 libro
595 1233 631 1261 de
652 1233 743 1270 gestis
764 1232 903 1260 abbatum
925 1230 952 1258 S.
974 1229 1078 1258 Albani
1100 1238 1124 1256 a.
1150 1225 1338 1254 1070-1255
1360 1245 1604 1253 ......
1646 1219 1798 1247 434-440

586 1281 631 1308 Ex
653 1279 876 1309 Oontinuatione
899 1287 923 1305 a.
948 1276 1137 1304 1253—1260
1168 1292 1605 1303 ..........
1741 1266 1798 1293 440

435 1329 479 1358 Ex
499 1328 570 1356 Vita
591 1327 731 1364 Stephani
752 1324 965 1362 archiepiscopi
987 1321 1205 1352 Cantuariensis
1228 1320 1261 1358 (†
1279 1318 1363 1355 1228)
1409 1339 1605 1347 .....
1646 1313 1797 1341 441—443

434 1376 479 1404 Ex
493 1375 629 1404 monachi
644 1374 671 1402 S.
684 1373 789 1402 Albani
803 1371 1028 1401 Abbreviatione
1044 1370 1227 1399 cronicorum
1241 1367 1362 1404 Angliao
1377 1376 1401 1394 a.
1420 1362 1606 1392 1005-1255
1646 1361 1798 1388 443-455

200 1426 253 1455 ΠΙ.
284 1426 328 1454 Ex
344 1424 478 1453 Floribus
493 1422 680 1451 historiarum
700 1421 749 1458 qui
763 1419 873 1448 Mathei
888 1416 1213 1446 westmonasteriensis
1229 1415 1363 1443 dicuntur
1377 1422 1401 1440 a.
1420 1410 1605 1439 1154—1307
1646 1407 1797 1436 456—504

434 1470 557 1499 Carmen
573 1467 841 1505 Anglosaxonicum
863 1466 898 1494 (16
920 1465 1040 1493 victoria
1060 1462 1283 1491 Flandrensium
1298 1459 1481 1489 Curtracensi
1496 1468 1520 1485 a.
1535 1456 1607 1484 1202
1646 1454 1797 1483 496-499

199 1520 251 1549 IV.
284 1520 328 1548 Ex
349 1518 482 1548 Cronicis
503 1516 643 1545 Iohannis
665 1515 701 1543 de
722 1512 919 1550 Wallingsord
940 1511 1074 1540 monachi
1098 1510 1125 1538 S.
1146 1509 1251 1538 Albani
1273 1518 1297 1536 a.
1322 1505 1507 1534 1201-1258
1553 1527 1558 1532 .
1601 1527 1606 1531 .
1648 1502 1794 1530 505-511

213 1567 251 1595 V.
282 1566 326 1595 Ex
347 1566 429 1594 libris
451 1565 487 1593 de
508 1565 596 1592 rebus
618 1562 727 1591 saeculi
749 1560 831 1589 XIII.
854 1559 986 1588 exeuntis
1009 1558 1085 1595 apud
1107 1557 1134 1585 S.
1154 1557 1300 1585 Albanum
1322 1553 1436 1590 seriptis
1458 1576 1463 1581 .
1506 1573 1511 1578 .
1553 1574 1559 1580 .
1601 1574 1606 1579 .
1648 1548 1798 1577 512-526

434 1612 479 1640 Ex
492 1610 636 1639 Willelmi
651 1609 687 1637 (16
701 1609 871 1645 Rishanger
885 1606 1048 1635 narratione
1064 1605 1100 1633 de
1114 1603 1200 1632 bellis
1215 1602 1292 1640 apud
1303 1602 1405 1630 Lewes
1421 1603 1448 1630 61
1461 1599 1606 1628 Evesham

487 1657 654 1688 commissis
676 1666 701 1685 a.
726 1654 913 1683 1263-1267
930 1668 1607 1682 ...............
1649 1642 1799 1671 514-518

436 1706 481 1734 Ex
501 1705 645 1733 Willelmi
666 1703 702 1732 de
722 1703 892 1739 Rishanger
913 1700 1011 1729 Gestis
1031 1698 1168 1727 Edwardi
1182 1697 1204 1725 I.
1226 1696 1304 1733 regis
1325 1706 1348 1723 a.
1374 1691 1561 1721 1293—1302
1601 1715 1607 1720 .
1649 1691 1702 1718 518
1744 1690 1797 1715 519

436 1753 481 1782 Ex
503 1752 599 1790 Opere
621 1751 804 1780 cronicorum
825 1747 985 1777 Albanensi
1006 1756 1031 1774 a.
1056 1743 1244 1773 1264-1294
1267 1761 1607 1771 ........
1649 1736 1704 1765 520
1744 1736 1796 1763 521

436 1801 481 1829 Ex
493 1796 930 1828 commentariisAlbanensibus
943 1792 1157 1822 deEdwardoI.
1172 1800 1239 1828 rege
1251 1789 1380 1818 collectis
1387 1798 1412 1816 a.
1421 1787 1473 1815 129
1480 1785 1609 1813 1—1300
1649 1782 1799 1812 5:21—526

201 1850 253 1879 VI.
285 1849 331 1878 Ex
350 1847 471 1877 Arnaldi
486 1846 611 1876 Oronica
625 1844 823 1875 Londoniensi
839 1853 863 1871 a.
882 1840 1078 1869 1167-1274
1096 1839 1160 1868 edd.
1176 1838 1213 1867 R.
1229 1836 1313 1866 Pauli
1328 1838 1355 1864 et
1369 1835 1400 1864 F.
1415 1834 1608 1862 Liebermann
1648 1829 1798 1858 527-547

435 1894 548 1923 Versus
568 1893 681 1921 Nicolai
704 1890 879 1920 Maniacueii
905 1888 943 1917 ad
970 1889 1136 1923 incorrupta
1161 1884 1332 1922 pontificum
1352 1882 1471 1911 nomina
1491 1889 1607 1909 conser-

487 1941 583 1970 vanda
604 1949 671 1969 cum
692 1940 759 1968 cont
789 1954 825 1957 -—-
842 1936 912 1964 1271
927 1949 1606 1965 ...............
1648 1924 1702 1952 529
1744 1923 1800 1950 530

439 1988 597 2025 Catalogus
617 1987 825 2024 imperatorum
847 1983 983 2012 metricus
1006 1998 1041 2001 —
1058 1980 1131 2008 1273
1171 1994 1607 2008 ..........
1649 1971 1704 1998 530
1744 1970 1796 1997 531

188 2038 256 2068 VII.
288 2038 332 2066 Ex
353 2036 515 2065 Annalibus
537 2034 564 2063 S.
585 2034 671 2063 Pauli
692 2031 946 2062 Londoniensibus
968 2038 992 2057 a.
1018 2025 1205 2055 1194—1274
1219 2043 1607 2053 .........
1649 2017 1796 2046 548-551

437 2083 483 2111 Ex
503 2082 664 2110 Annalibus
685 2078 940 2109 Londoniensibus
961 2085 985 2104 a.
1009 2072 1195 2102 1195—1301
1220 2089 1607 2100 .........
1649 2063 1799 2092 552—554

437 2130 482 2158 Ex
503 2129 648 2158 Chronico
671 2128 707 2155 de
722 2126 804 2155 Bello
826 2135 850 2153 a.
874 2121 1063 2151 1257-1272
1075 2135 1607 2150 ............
1745 2110 1799 2137 554

172 2180 256 2209 VIII.
287 2179 333 2208 Ex
352 2177 515 2207 Annalibus
536 2174 767 2204 Stanleiensibus
789 2182 813 2201 a.
838 2169 1023 2199 1207—1271
1077 2181 1608 2195 ............
1649 2156 1799 2185 555-557

439 2224 484 2252 Ex
504 2222 665 2251 Annalibus
686 2218 931 2249 Furnesiensibus
952 2226 977 2245 a.
1002 2213 1189 2243 1252—1298
1221 2228 1608 2239 .........
1650 2202 1799 2232 557-559

206 2274 258 2303 ΙΧ.
290 2273 335 2302 Ex
354 2272 487 2301 Thomae
519 2270 555 2298 (16
580 2269 736 2298 Eceleston
766 2267 840 2295 libro
872 2265 908 2293 de
939 2263 1066 2292 adventu
1097 2261 1217 2289 fratrum
1242 2258 1389 2287 Minorum
1419 2256 1448 2283 in
1475 2253 1609 2291 Angliam

339 2329 364 2348 a.
388 2317 575 2346 1223—1258
598 2320 1609 2344 ......................
1649 2296 1800 2325 560—569

219 2367 255 2397 X.
287 2367 332 2395 Ex
351 2366 464 2403 Rogeri
484 2365 580 2393 Bacon
604 2363 741 2400 operibus
788 2367 1609 2387 ..................
1650 2343 1800 2372 569-583

440 2412 486 2440 Ex
506 2411 601 2448 Opere
622 2409 732 2438 maiore
754 2409 782 2436 et
801 2406 914 2434 minore
934 2414 1608 2432 ...............
1649 2389 1800 2419 571-574

440 2459 485 2487 Ex
506 2458 602 2496 Opere
623 2456 707 2485 tertio
742 2461 1609 2482 ...................
1650 2436 1800 2465 575-577

441 2506 486 2534 Ex
507 2503 688 2542 Compenclio
711 2501 799 2531 sbudii
819 2497 1023 2537 philosophiae
1078 2508 1609 2523 ............
1650 2483 1800 2512 577-583

440 2553 486 2581 Ex
506 2551 630 2590 epistola
651 2550 687 2578 de
709 2548 827 2577 secretis
849 2545 986 2583 operibus
1007 2543 1076 2572 artis
1098 2544 1126 2570 61
1146 2543 1264 2569 naturae
1280 2540 1323 2567 etc
1327 2555 1608 2565 .......
1746 2530 1800 2559 583

208 2603 259 2632 ΧΙ.
290 2602 336 2631 Ex
356 2600 495 2630 Iohanm's
517 2599 553 2627 de
575 2598 698 2635 Tayster
718 2593 853 2624 monachi
875 2592 902 2621 S.
924 2589 1071 2619 Edmundi
1092 2587 1252 2617 Annalibus
1274 2595 1298 2614 a.
1324 2582 1509 2613 1083-1265
1555 2602 1560 2607 .
1603 2601 1608 2606 .
1650 2577 1798 2606 584—591

442 2646 487 2674 Ex
508 2644 732 2675 Continuatione
746 2642 768 2670 Ι.
791 2642 878 2677 (auct.
900 2638 1030 2667 Iohanne
1051 2636 1087 2664 de
1108 2632 1317 2666 EverisdenePJ
1341 2641 1365 2659 a.
1391 2627 1577 2657 1267-1294
1603 2649 1609 2654 .
1650 2624 1800 2653 591-597

440 2693 486 2721 Ex
508 2691 732 2722 Gontinuatione
746 2688 784 2717 II.
810 2697 834 2716 a.
859 2683 1048 2713 1296—1300
1089 2703 1094 2709 .
1137 2703 1142 2708 .
1183 2702 1189 2709 .
1271 2694 1610 2706 ........
1652 2671 1705 2699 597
1747 2670 1801 2698 598

442 2739 487 2768 Ex
499 2738 643 2768 Chronica
653 2734 809 2766 Hulmensi
819 2741 893 2771 quae
904 2730 1043 2762 Iohannis
1055 2729 1091 2758 de
1102 2727 1257 2758 Oxenedes
1269 2725 1374 2754 djcitur
1384 2733 1409 2752 a.
1423 2720 1610 2750 1118-—1293
1651 2717 1801 2747 598-600

139 2799 234 2819 Indices-

1568 2776 1584 2801 8
