2081 3193
195 148 236 178 34
764 142 938 169 TABULAE.
958 157 990 161 -
1010 142 1243 169 SCRIPTORUM
1262 142 1291 168 Τ.
1305 141 1363 169 XV.

1817 192 1892 219 Pagg.

551 229 671 259 Relatio
693 230 729 258 de
751 230 919 259 inventione
941 232 969 258 et-
991 229 1154 259 elevatione
1177 229 1204 259 S.
1219 229 1331 258 Bertini
1353 239 1378 258 a.
1403 227 1593 256 1033—1052
1625 230 1698 257 auct..

601 277 722 307 Bovone
744 279 849 306 abbate
862 297 1695 306 ..................
1758 274 1852 303 524-
1875 275 1931 303 534

550 324 704 354 Tractatus
726 325 762 354 de
784 325 916 354 moribus
938 325 1088 354 Lamberti
1109 325 1223 353 abbatis
1246 324 1272 353 S.
1289 324 1401 353 Bertini
1422 323 1457 361 (ἦ-
1481 323 1567 359 1125)
1594 345 1598 350 .
1642 346 1647 351 .
1690 346 1695 351 .
1759 323 1854 350 946-
1874 322 1930 350 953

274 373 378 402 XLIX.
402 374 446 401 Ex
467 373 618 401 Mil-aculis
645 372 672 402 S.
688 373 879 411 Wnldburgis
900 373 1176 401 Monheimensibus
1198 382 1222 401 a.
1246 371 1397 400 761—896
1429 373 1503 400 auct.
1519 370 1700 399 Wolshardo

439 421 483 450 ed.
507 421 541 449 O.
556 420 780 458 Holder-Egger
816 439 1698 450 ...................
1760 418 1854 446 535—
1876 418 1932 446 555

344 469 375 497 L.
398 468 467 497 Vita
482 468 645 506 Meingoldi
660 468 775 497 comitis
791 467 826 506 (†
841 468 910 505 892)
931 470 1005 497 auct.
1022 468 1128 496 clerico
1144 467 1269 497 Hoiensi
1284 476 1359 496 saec.
1375 466 1442 495 XII.
1465 466 1510 495 ed.
1526 465 1560 494 O.
1575 465 1702 495 Holder-

438 516 535 554 Egger
570 535 1698 545 ........................
1760 512 1855 540 556-
1877 512 1932 540 563

332 564 378 592 LI.
401 564 445 592 Ex
465 564 617 592 Miraculis
640 566 667 592 et
687 563 892 592 Trunslatione.
915 562 942 591 S.
959 563 1062 591 Bertae
1083 562 1306 599 Blungiacensis
1338 561 1383 591 ed.
1410 561 1441 590 L.
1458 561 1495 589 de
1516 561 1701 590 Heinemann
1762 560 1852 588 564-
1878 559 1933 587 566

315 612 378 641 LII.
400 611 566 640 Translatio
599 610 626 639 S.
652 610 723 639 Iusti
757 612 831 639 auct.
856 610 1017 639 Liuthardo
1048 610 1215 647 praeposito
1243 609 1508 638 Malmundariensi
1538 608 1583 638 ed.
1609 608 1640 637 L.
1666 608 1702 637 de

438 658 622 687 Heinemann
678 677 1700 686 ......................
1762 656 1818 684 566
1878 654 1933 683 567

301 706 378 735 LIII.
401 706 469 734 Vita
491 706 632 734 Radbodi
654 706 786 743 episcopi
805 705 1005 734 Traiectensis
1028 705 1063 743 (†
1083 705 1154 741 917)
1177 705 1221 734 ed.
1245 704 1515 742 O.Holder-Egger
1551 727 1555 732 .
1599 726 1604 730 .
1648 728 1653 732 .
1697 727 1701 730 .
1754 703 1929 732 568--5716

554 753 599 781 Ex
619 753 826 782 Translntiono
847 753 896 782 SS.
913 753 1036 790 Benigni
1059 755 1087 781 et
1107 753 1228 789 Agnetis
1250 752 1419 781 Traiectum
1442 762 1466 781 a.
1489 751 1544 779 963
1599 774 1604 779 .
1648 772 1653 778 ,
1697 774 1701 778 .
1744 751 1821 778 571c
1853 750 1931 778 571d

553 801 694 829 Radbodi
715 801 834 829 libellus
857 801 893 829 do
915 801 1058 829 miraculo
1081 800 1106 828 S.
1124 800 1244 828 Martini
1264 799 1432 829 Turonensi
1453 809 1478 827 a.
1500 798 1555 826 903
1598 823 1604 828 .
1647 821 1651 826 .
1695 821 1700 825 .
1746 798 1936 826 1239-1244

301 848 377 877 LIV.
401 848 503 877 Passio
527 847 553 876 S.
570 848 736 876 Ludniillae
759 847 794 885 (ἦ-
814 847 884 884 927)
907 848 950 876 ed.
974 847 1007 877 O.
1023 847 1246 885 Holder-Egger
1259 867 1701 875 ..........
1763 845 1857 874 572-
1879 846 1936 874 574

319 895 380 924 LV.
403 896 447 924 Ex
468 895 620 924 Mirnculis
642 895 668 924 S.
687 895 801 924 Gisleni
823 896 868 924 ed.
891 895 1166 932 O.H01de1·-Egger
1213 916 1507 922 .......
1550 893 1702 921 575-585
1746 894 1819 922 1315
1862 892 1946 922 1310'

555 943 599 971 Ex
619 942 792 971 Inventione
815 945 842 971 et
863 942 1014 971 Miraculis
1036 942 1063 971 S.
1081 942 1196 970 Gisleni
1218 950 1294 970 saoc.
1316 941 1352 969 X.
1406 965 1411 970 .
1454 965 1459 970 .
1503 964 1507 968 .
1551 963 1556 967 .
1599 963 1604 967 .
1647 963 1652 968 .
1696 964 1701 969 .
1764 941 1859 969 576-
1880 940 1936 969 579

555 990 598 1018 Ex
620 990 744 1019 Raineri
765 990 917 1018 Mis-aculis
940 990 967 1018 S.
985 989 1100 1018 Gisleni
1124 1007 1156 1009 —
1182 989 1256 1016 1035
1308 1010 1702 1017 .........
1765 988 1858 1017 579-
1881 988 1936 1017 585

301 1037 376 1066 LVI.
399 1038 443 1066 Ex
465 1037 542 1066 Vitis
565 1039 703 1066 abbatum
726 1037 965 1066 Cluniaeensium
990 1037 1054 1065 edd.
1077 1037 1110 1066 L.
1126 1036 1162 1065 de
1184 1036 1370 1065 Hemelnann
1392 1038 1420 1064 et
1442 1035 1476 1065 G.
1492 1035 1597 1064 Wajtz.

555 1085 600 1113 Ex
621 1085 690 1113 Vita
711 1085 824 1114 Odonis
847 1085 962 1113 abbatis
983 1084 1017 1122 (†
1039 1084 1107 1119 942)
1131 1087 1205 1112 auct.
1221 1083 1353 1112 Iohanne
1363 1083 1383 1120 ¹)
1407 1106 1702 1112 .......
1765 1084 1860 1113 586—-
1881 1084 1937 1113 588

556 1132 599 1160 Ex
614 1132 771 1169 Epitaphio
794 1134 821 1160 et
835 1132 987 1160 Miraculis
1003 1131 1139 1160 Odilonis
1155 1131 1269 1159 abbatis
1291 1130 1326 1168 (ἦ-
1344 1130 1429 1167 1049)
1452 1132 1526 1160 auct.
1541 1130 1703 1167 Iotsald02)
1764 1131 1858 1159 812—-
1881 1131 1938 1160 820

554 1180 598 1208 Ex
620 1179 689 1208 Vita
711 1180 845 1217 Hugonis
868 1180 982 1208 abbatis
1005 1179 1040 1217 (†
1064 1179 1150 1216 1109)
1173 1182 1247 1207 auct.
1271 1178 1377 1208 Gilone
1405 1200 1702 1207 .......
1765 1179 1859 1207 935-—
1880 1179 1938 1207 940

555 1227 599 1255 Ex
621 1227 690 1255 Vita
713 1227 846 1264 Hugonis
868 1227 983 1255 abbatis
1005 1229 1080 1255 auct.
1102 1226 1251 1255 Raiualdo
1308 1248 1702 1254 .........
1765 1227 1822 1254 940
1881 1227 1936 1255 941

289 1274 380 1302 LVII.
405 1275 596 1303 Monumenta
617 1274 644 1303 S.
662 1275 789 1304 Bavonis
813 1274 1018 1303 Gandavensis
1040 1275 1155 1303 minora
1177 1274 1222 1303 ed.
1245 1273 1278 1302 O.
1294 1273 1519 1311 Holder-Egger
1553 1296 1557 1300 .
1601 1297 1605 1301 .
1649 1295 1654 1301 .
1697 1297 1701 1302 .
1765 1274 1860 1303 589—
1882 1274 1939 1303 620

555 1322 600 1350 Ex
621 1322 833 1351 Miraculorum
855 1322 882 1352 S.
898 1322 1026 1351 Bavonis
1049 1322 1132 1350 libris
1154 1321 1198 1350 [II
1220 1321 1257 1359 (o.
1282 1321 1369 1358 1000)
1405 1342 1702 1349 .......
1765 1322 1860 1351 589—
1882 1322 1937 1351 597

555 1370 599 1398 Ex
620 1370 877 1399 Translutionibus
899 1370 913 1398 I
935 1370 972 1407 (a.
998 1369 1085 1406 1010)
1107 1371 1135 1398 et
1156 1369 1185 1397 H
1207 1369 1245 1406 (a.
1271 1369 1357 1405 1058)
1379 1368 1406 1398 S.
1422 1368 1550 1398 Bavonis
1603 1390 1607 1394 .
1650 1391 1656 1396 .
1699 1391 1704 1395 .
1766 1370 1821 1398 597
1883 1370 1939 1400 598

556 1417 600 1446 Ex
620 1417 773 1446 Miraculis
796 1418 823 1447 S.
840 1417 967 1446 Bavonis
990 1426 1064 1446 saec.
1083 1416 1126 1445 XI
1162 1439 1704 1444 ............
1767 1418 1823 1446 598
1884 1418 1939 1446 599

555 1465 722 1494 Translutio
745 1465 773 1494 S.
791 1465 953 1493 Landoaldi
976 1465 1183 1502 sociorumque
1205 1464 1269 1493 eius
1291 1474 1315 1492 a.
1339 1464 1395 1493 980
1416 1465 1490 1492 auct.
1506 1463 1649 1503 Herigero
1699 1487 1704 1492 .
1767 1465 1861 1494 599-
1884 1465 1939 1494 607

557 1513 601 1541 Ex
612 1513 749 1541 Adventu
764 1514 792 1541 et
805 1513 978 1541 Elevatione
993 1512 1020 1541 S.
1034 1512 1199 1541 Landoaldi
1214 1512 1422 1549 sociorumque
1437 1512 1501 1540 eius
1517 1521 1540 1540 a.
1554 1512 1707 1541 980-982
1768 1512 1863 1540 607—
1884 1513 1939 1541 611

556 1560 601 1588 Ex
622 1560 828 1589 Translatione
850 1559 898 1589 SS.
914 1560 1012 1588 Livini
1034 1561 1062 1588 et
1082 1559 1185 1588 Brictii
1206 1570 1230 1588 a.
1255 1559 1327 1587 1007
1357 1581 1706 1587 ........
1768 1560 1863 1588 611-
1884 1560 1941 1589 614

556 1607 602 1636 Ex
622 1607 694 1636 Vita
715 1608 742 1636 S.
757 1607 902 1636 Macharii
924 1607 959 1645 (†
982 1607 1069 1645 1012)
1091 1607 1188 1645 priore
1211 1629 1706 1634 ...........
1768 1608 1863 1636 614—
1885 1608 1941 1636 616

558 1655 603 1684 Ex
624 1655 694 1684 Vita
715 1655 742 1684 S.
758 1655 903 1684 Macharii
923 1655 1088 1693 posteriore
1109 1672 1146 1675 —
1169 1654 1242 1683 1067
1259 1676 1706 1682 ..........
1768 1655 1862 1683 616-
1885 1655 1941 1684 620

282 1704 386 1733 LVIII.
410 1704 601 1733 Monumentn
621 1703 844 1732 Blandiniensia
864 1703 979 1732 minora
1000 1703 1045 1732 ed.
1068 1702 1102 1732 O.
1119 1702 1343 1740 Holder-Egger
1362 1724 1707 1730 ........
1769 1703 1864 1731 621—
1885 1703 1942 1732 645

560 1751 704 1779 Fundatio
726 1751 898 1780 monasterii
920 1750 1140 1779 Blandiniensis
1161 1766 1198 1770 —
1219 1750 1276 1779 815
1311 1771 1707 1778 .........
1769 1750 1863 1778 621-
1886 1750 1943 1779 624

560 1799 605 1827 Ex
621 1798 762 1828 Sermone
782 1798 819 1827 de
838 1798 965 1827 adventu
981 1797 1030 1827 SS.
1042 1797 1264 1835 wandregisili,
1284 1797 1429 1832 Amberti,
1442 1796 1600 1826 Vulfranni
1616 1807 1640 1826 a.
1653 1798 1709 1825 944
1771 1798 1864 1826 624-
1886 1798 1940 1827 631

561 1846 607 1874 Ex
628 1846 697 1874 Vita
718 1845 839 1874 Bertulfi
860 1845 1052 1875 Rentioensis
1074 1862 1111 1865 —
1134 1845 1206 1873 1073
1262 1867 1708 1872 ..........
1771 1846 1865 1874 631—
1887 1846 1940 1874 641

560 1894 718 1931 Encyclica
739 1894 951 1923 monachorum
966 1893 1223 1922 Blandiniensium
1244 1893 1280 1921 de
1302 1892 1367 1922 loco
1387 1893 1554 1930 sepulturae
1568 1892 1713 1922 Florberii

612 1941 727 1970 abbatis
774 1962 1516 1969 ................
1558 1940 1610 1967 641
1655 1940 1712 1968 642
1755 1941 1828 1969 1317
1870 1942 1943 1970 1318

562 1989 694 2017 Libellus
727 1988 764 2017 de
795 1988 959 2017 certissima
990 1988 1181 2017 translatione
1203 1987 1230 2016 S.
1246 1987 1392 2017 Florberti
1422 1989 1522 2017 contra
1552 1988 1713 2017 monachos

614 2036 641 2065 S.
657 2036 786 2065 Bavonis
822 2056 1516 2064 ...............
1559 2035 1711 2064 642—644
1754 2037 1826 2064 1317
1870 2037 1944 2065 1318

566 2083 725 2121 catalogus
748 2084 887 2112 abbatum
908 2083 1165 2112 Blandiniensium
1186 2100 1223 2103 —
1247 2082 1320 2111 1245
1363 2104 1710 2111 ........
1772 2083 1828 2112 644
1888 2084 1944 2113 645

308 2132 388 2160 LIX.
410 2132 602 2161 Monumenta
622 2131 797 2160 Broniensia
819 2131 864 2159 ed.
886 2131 918 2159 L.
935 2131 972 2160 de
993 2131 1179 2160 He'memann
1219 2153 1710 2160 ...........
1773 2131 1868 2160 646-
1889 2132 1944 2160 673

564 2179 609 2207 Ex
625 2178 790 2207 Virtutibus
812 2178 839 2207 S.
856 2178 982 2216 Eugenii
996 2179 1097 2208 Bronii
1112 2179 1239 2208 ostensis
1260 2188 1285 2207 a.
1300 2178 1356 2206 913
1371 2195 1408 2198 —
1424 2187 1448 2207 e.
1464 2178 1521 2206 930
1561 2178 1713 2207 646-652
1755 2179 1828 2209 1318
1871 2180 1945 2208 1319

564 2226 609 2255 Ex
629 2226 781 2254 Miraculis
803 2225 831 2255 S.
847 2226 973 2264 Eugenii
993 2226 1106 2263 Diogili
1128 2226 1213 2255 saetis
1235 2235 1259 2255 c.
1282 2226 1435 2254 751—815
1461 2247 1711 2254 ......
1773 2226 1828 2255 653
1889 2226 1946 2255 654

565 2273 635 2302 Vita
657 2273 782 2302 Gerardi
803 2274 917 2302 abbatis
940 2274 1110 2303 Broniensis
1132 2273 1167 2311 (†
1188 2273 1258 2310 959)
1271 2294 1711 2302 ..........
1773 2274 1869 2302 654-
1890 2274 1945 2303 673

330 2322 390 2350 LX.
413 2322 457 2350 Ex
478 2321 549 2349 Vita
569 2321 686 2350 Deicoli
708 2321 822 2350 abbatis
844 2321 997 2350 Lutrensis
1020 2339 1053 2341 ἡ
1077 2321 1142 2349 960.
1166 2321 1211 2350 ed.
1234 2320 1269 2350 G.
1284 2321 1382 2349 &Vaitz
1417 2342 1712 2350 .......
1775 2321 1870 2349 674-
1891 2321 1947 2351 682

316 2369 392 2398 LXI.
414 2369 558 2397 Miracula
589 2368 637 2397 SS.
654 2368 836 2397 waldeberti
869 2371 897 2397 et
927 2368 1057 2397 Eustasii
1088 2369 1288 2398 Luxoviensia
1311 2385 1340 2388 —
1367 2377 1390 2396 c.
1407 2368 1463 2395 960
1494 2373 1568 2396 auct.
1599 2368 1717 2398 Adsone

453 2417 558 2444 abbate
581 2416 726 2445 Dervensi
749 2416 793 2444 ed.
817 2415 851 2445 O.
868 2416 1091 2453 Holder-Egger
1126 2436 1713 2445 .............
1757 2417 1947 2445 1170—-1176

300 2464 392 2493 LXII.
414 2464 459 2492 Ex
479 2463 685 2492 Translatione
707 2463 733 2492 S.
749 2463 878 2492 Maurini
899 2463 1041 2492 Coloniae
1073 2474 1097 2492 a.
1121 2464 1184 2491 966.
1207 2464 1261 2491 967
1289 2465 1362 2492 auct.
1385 2462 1533 2500 Stephano
1565 2463 1610 2492 ed.
1632 2463 1664 2491 L.
1681 2463 1717 2492 de

452 2511 637 2539 Heinemann
687 2532 1713 2540 ......................
1776 2511 1870 2540 683—
1891 2511 1948 2541 686

568 2558 735 2587 Translatio
758 2558 785 2587 S.
800 2559 900 2587 Albini
921 2559 1056 2597 martyn's
1078 2558 1234 2588 Coloniam
1256 2568 1279 2588 e.
1300 2558 1356 2587 984
1368 2579 1714 2586 ........
1776 2558 1870 2588 686—
1892 2558 1947 2588 688

288 2605 394 2634 LXIII.
417 2605 461 2633 Ex
482 2605 551 2633 Vita
572 2605 728 2634 Kaddroae
750 2606 865 2635 abbatis
886 2605 1139 2635 walciodorensis
1162 2606 1196 2644 (†
1217 2606 1314 2643 968)³)
1337 2606 1381 2634 ed.
1398 2606 1428 2634 L.
1445 2606 1482 2634 do
1497 2605 1682 2635 Heinemann
1709 2628 1715 2633 .
1776 2605 1871 2635 689—
1892 2605 1948 2634 692

289 2653 394 2682 LXIV.
420 2653 463 2680 Ex
486 2652 615 2681 Historia
635 2653 786 2682 relationis
808 2653 835 2682 S.
852 2653 994 2683 Walarici
1015 2663 1039 2682 a.
1062 2655 1126 2683 981.
1149 2654 1194 2683 ed.
1217 2653 1251 2683 Ο.
1266 2653 1490 2691 Holder-Egger
1515 2675 1715 2682 .....
1777 2653 1870 2681 693—
1892 2653 1948 2681 696

370 2750 396 2783 1)
416 2749 456 2775 Cf.
472 2749 520 2781 „N
532 2750 645 2777 Archiv*
660 2751 718 2785 XV,
733 2752 875 2778 105—112.
929 2752 957 2786 2)
976 2751 1017 2778 cf.
1030 2752 1065 2778 ib.
1078 2760 1103 2786 p.
1116 2752 1259 2778 117—126.
1313 2752 1340 2785 3)
1360 2751 1409 2778 Est
1421 2751 1640 2786 supplementum
1654 2751 1688 2778 ad
1701 2751 1748 2778 SS.
1761 2750 1809 2785 IV,
1821 2751 1950 2778 483.484.
