2081 3193
239 186 412 213 TABULAE.
425 202 457 206 —
471 187 702 214 SCRIPTORUM
714 187 743 215 T.
755 188 854 214 XXIX.
886 189 1029 216 LIBELLI
1042 190 1088 215 DE
1104 190 1182 216 LITE
1196 191 1224 217 Τ.
1236 191 1257 216 Ῑ.
1287 191 1471 218 1)Ε11Τ8(ΓΗΕ
1486 192 1617 219 CHRON.
1633 194 1651 219 Ι,
1764 196 1804 227 59

169 272 220 301 ΧΙ.
242 272 432 301 Monumcnta
455 273 593 302 historiae
615 273 831 302 ecclesiasticae
852 273 982 303 Danicae
1003 275 1115 303 minora
1128 297 1611 307 ...........
1653 245 1803 309 2385132‘46

392 320 437 348 Dc
460 320 628 349 fundatione
649 320 817 349 monasterii
840 319 1060 349 Gulholmcnsis
1082 338 1116 342 —-
1143 323 1212 350 1193
1233 322 1333 359 (1289)
1369 345 1612 353 ......
1654 327 1805 356 238-240

393 367 437 395 Ex
459 367 587 396 Historia
608 367 778 395 monasterii
799 366 1020 396 Carae-insulae
1042 378 1066 397 a.
1092 368 1276 397 1173—1207
1320 392 1612 400 .......
1655 374 1803 402 240-242

392 414 435 441 Ex
456 413 586 443 Historia
607 414 728 442 fratrum
750 413 986 443 Praedicatorum
1008 415 1037 443 in
1058 415 1153 444 Dania
1174 426 1198 444 a.
1224 416 1410 444 1216-124ϋ
1463 439 1469 445 .
1511 442 1516 447 .
1558 442 1563 447 ,
1607 441 1611 446 .
1654 420 1709 448 242
1750 421 1802 448 243

391 460 533 489 Miracula
553 461 583 489 in
604 461 730 490 ecclesia
750 462 776 489 b.
798 460 876 489 Pctri
898 461 1022 490 Slcsvici
1042 462 1118 491 sacta
1139 472 1162 491 a.
1188 462 1278 491 1252.
1321 485 1326 490 .
1369 486 1374 491 .
1416 486 1422 491 .
1464 488 1469 494 .
1512 487 1517 492 .
1558 489 1563 494 .
1607 489 1612 494 .
1656 468 1708 494 243
1750 468 1801 495 244

391 507 435 535 Ex
455 507 627 537 Narratione
658 508 717 537 litis
750 509 823 536 inter
849 508 1090 546 Christophorum
1110 510 1132 538 Ι.
1164 519 1263 547 rcgem
1284 510 1396 539 Daniac
1427 514 1455 539 ct
1476 511 1612 541 Iacobum

442 554 563 583 Erlandi
583 555 835 593 archiepiscopum
856 555 1043 586 Lundensem
1063 566 1088 584 a.
1114 556 1299 584 1254-1257
1322 579 1614 586 .......
1656 561 1805 589 244—240·

392 601 485 630 Notae
507 601 544 630 de
565 602 734 639 episcopatu
756 601 918 631 Curonensi
939 624 1615 634 ...............
1751 608 1805 635 246

152 647 220 677 ΧΗ.
242 647 287 675 Ex
297 647 456 676 Theodrici
467 649 603 677 monachi
614 648 867 678 Nidarholmensis
879 649 1008 679 Historia
1023 650 1059 678 de
1071 650 1240 688 antiquitate
1252 660 1354 687 regum
1364 650 1614 688 Norwagicnsium
1648 654 1802 683 Δ247-251

134 693 218 723 XIII.
239 694 284 723 Ex
304 695 466 723 Annalibus
487 695 642 724 Islandicis
664 706 689 724 a.
710 696 881 724 422—1317
937 719 1614 727 ...............
1656 700 1806 729 252-266

134 741 215 771 XIV.
237 742 375 770 Planctus
387 742 423 770 de
435 743 599 780 captivitate
607 743 786 772 Waldemari
798 743 835 773 II.
848 743 1061 772 etWaldemari
1072 744 1125 772 III.
1138 754 1239 782 regum
1250 744 1363 773 Daniae
1379 755 1403 773 a.
1419 746 1614 776 1223-1225.

290 789 335 818 ed.
359 789 392 818 O.
415 789 638 828 Holder-Egger
645 812 1614 822 .....................
1657 794 1709 822 267
1752 795 1806 824 268

657 858 718 889 EX
740 858 964 890 HISTORIIS
987 858 1244 891 ISLANDICIS.

795 909 855 941 Ed.
880 910 917 941 F.
941 910 1106 945 JGNSSON.

149 968 215 998 XV.
237 968 282 997 Ex
302 968 431 997 Historia
452 978 553 1006 regum
574 969 727 998 Danorum
747 969 824 998 dicta
845 970 1076 1008 Knytlingasaga
1097 980 1120 999 c.
1143 970 1314 999 950—1185
1321 992 1614 1001 .......
1657 973 1806 1001 271-322

138 1015 219 1044 XVI.
241 1015 286 1044 Ex
306 1016 436 1045 Historia
456 1016 615 1053 piratarum
637 1016 817 1045 [omensium
840 1017 1135 1055 [Jomsviktngasaga]
1159 1027 1183 1046 a.
1205 1018 1261 1045 974
1320 1039 1614 1048 .......
1655 1020 1746 1048 322—

379 1130 540 1174 Libelli
572 1130 628 1174 de
659 1131 737 1174 lite
772 1131 891 1174 inter
920 1145 1114 1189 regnum
1147 1138 1191 1174 et
1221 1132 1529 1175 sacerdotium

515 1210 629 1239 saec.
652 1195 729 1238 XI.
763 1202 807 1239 et
837 1196 938 1239 XII.
970 1197 1228 1255 conscripti.
1275 1197 1322 1239 T.
1346 1197 1376 1239 l.

677 1265 801 1297 Edetur
830 1266 1046 1297 Hannoverae
1072 1267 1153 1298 1890
1177 1266 1226 1297 4⁰.

194 1325 217 1355 Ι,
239 1325 375 1354 Widonis
396 1325 508 1354 Aretim'
528 1326 665 1354 monachi
687 1326 818 1363 Epistola
839 1326 875 1354 ad
890 1326 1077 1355 Heribertum
1098 1326 1350 1364 archiepiscopum
1363 1326 1614 1356 Mediolanensem

292 1373 328 1409 (c.
354 1372 441 1409 1031)
463 1373 507 1401 ed.
530 1372 574 1400 Fr.
597 1373 715 1401 Thaner
743 1394 1613 1403 ...................
1695 1374 1748 1400 1-
1789 1374 1804 1401 7

181 1420 219 1449 II.
242 1420 287 1448 De
309 1420 470 1449 ordinando
491 1420 628 1457 pontifice
649 1420 785 1449 Romano
807 1422 907 1449 auctor
929 1420 1059 1448 Gallicus
1081 1420 1118 1457 (a.
1144 1420 1228 1457 1048)
1250 1421 1292 1449 ed.
1316 1420 1348 1448 E.
1370 1421 1525 1449 Diimmler
1561 1444 1566 1449 .
1607 1444 1613 1449 .
1693 1422 1748 1449 8—
1772 1422 1805 1449 14

164 1467 218 1496 ΙΙΙ,
239 1467 318 1496 Petri
338 1467 476 1496 Damiani
498 1467 585 1495 Liber
606 1466 797 1496 Gratissimus
819 1468 856 1504 (a.
882 1467 966 1504 1052)
989 1467 1034 1496 ed.
1056 1467 1087 1496 L.
1110 1467 1146 1496 de
1167 1467 1351 1496 Heinemann
1367 1488 1611 1496 ......
1676 1469 1745 1495 15-
1769 1468 1805 1495 75

163 1513 215 1542 IV.
236 1513 317 1543 Petri
336 1514 473 1543 Damiani
495 1514 675 1551 Disceptatio
698 1515 846 1552 synodalis
868 1515 907 1551 (a.
931 1514 1017 1551 1062)
1040 1515 1084 1543 ed.
1106 1514 1136 1543 L.
1160 1515 1196 1543 de
1219 1514 1400 1543 Heiuemann
1416 1536 1613 1543 .....
1675 1515 1747 1542 76-
1769 1516 1805 1543 94

181 1560 218 1590 V.
240 1561 395 1590 Humberti
430 1561 585 1590 cardinalis
618 1562 747 1599 episcopi
783 1561 1046 1590 Silvae-candidae
1082 1561 1161 1590 Libri
1183 1561 1228 1589 HI
1265 1562 1404 1590 adversus
1438 1562 1613 1590 simoniacos

291 1610 328 1644 (a.
355 1609 439 1645 1058)
462 1609 507 1637 ed.
529 1608 574 1636 Fr.
596 1609 715 1637 Thaner
746 1630 1614 1638 ...................
1674 1608 1805 1636 95—253

163 1655 216 1684 VI.
238 1655 501 1685 Pseudo-Udalrici
516 1656 647 1693 Epistola
667 1656 703 1684 de
727 1656 904 1685 continentia
918 1656 1091 1684 clericorum
1105 1656 1142 1692 (c.
1160 1656 1245 1692 1075)
1266 1656 1310 1684 ed.
1330 1656 1361 1683 L.
1382 1656 1417 1684 de
1432 1655 1616 1684 Heinemann
1656 1655 1806 1683 254-260

149 1702 216 1731 VII.
240 1701 409 1731 Gebehardi
443 1703 674 1740 Saljsburgensis
709 1703 922 1740 archiepiscopi
955 1703 1087 1740 Epistola
1124 1703 1161 1731 ad
1195 1702 1406 1731 Heriinannum
1439 1702 1614 1731 Mettensein

291 1750 462 1787 episcopum
483 1750 549 1778 data
571 1750 608 1785 (a.
634 1750 718 1786 1081)
741 1750 785 1779 ed.
809 1750 843 1779 K.
866 1750 996 1779 Francke
1031 1771 1613 1779 .............
1637 1749 1804 1777 *261—279

133 1796 216 1826 VIII.
239 1796 371 1825 Wenrici
392 1797 560 1826 scholastici
581 1797 764 1825 Trevirensis
785 1797 918 1834 Epistola
942 1798 996 1825 sub
1017 1797 1135 1826 nomine
1156 1797 1331 1826 Theoderici
1357 1797 1486 1834 episcopi
1506 1797 1614 1825 Virdu-

288 1844 388 1873 nensis
411 1844 573 1881 composita
594 1844 631 1881 (a.
657 1843 774 1881 1080s1)
798 1844 842 1872 ed.
866 1844 899 1872 K.
922 1844 1052 1872 Francke
1080 1865 1612 1873 ............
1654 1843 1803 1872 280—299

164 1890 215 1920 IX.
237 1891 406 1929 Manegoldi
437 1891 573 1920 monachi
603 1891 851 1919 Lautenbacensis
882 1891 919 1919 ad
951 1890 1157 1919 Gebehardum
1186 1891 1438 1928 archiepiscopum
1468 1890 1612 1919 Salisbur-

289 1947 411 1975 gensem
432 1939 505 1967 liber
526 1939 563 1975 (c.
587 1938 673 1974 1085)
696 1938 740 1966 ed.
762 1938 796 1966 K.
819 1938 949 1966 Francke
984 1958 1612 1967 ..............
1654 1938 1805 1965 300-430

391 1985 435 2013 Ex
449 1985 618 2022 Manegoldi
633 1985 706 2014 libro
722 1987 821 2014 contra
835 1984 1027 2013 WVolfelmum
1046 1985 1180 2013 abbatem
1195 1984 1459 2013 Brunwilarensem
1474 1985 1510 2021 (c.
1528 1985 1612 2020 1085)
1653 1985 1803 2013 303-308

390 2032 524 2069 Hugonis
545 2041 646 2060 versus
668 2034 767 2060 contra
787 2032 995 2069 Manegoldum
1016 2032 1061 2061 ed.
1083 2031 1115 2059 E.
1137 2032 1290 2060 Diimmler
1320 2052 1611 2060 .......
1652 2032 1709 2059 430
1748 2032 1800 2059 431

180 2079 217 2108 X.
240 2079 318 2108 Petri
339 2078 438 2107 Crassi
458 2079 601 2108 Defensio
623 2079 753 2107 Heinrici
768 2078 819 2108 IV.
841 2079 918 2116 regis
940 2079 977 2115 (a.
1003 2078 1086 2115 1084)
1108 2078 1152 2107 ed.
1174 2078 1206 2106 L.
1228 2079 1264 2107 de
1288 2078 1468 2107 Heineinann
1509 2102 1514 2107 .
1557 2100 1562 2105 .
1605 2101 1610 2106 .
1651 2078 1802 2106 432—453

163 2126 215 2156 XI.
237 2127 324 2155 Dicta
344 2127 497 2155 cuiusdam
518 2127 555 2154 de
576 2126 723 2155 discordia
743 2135 835 2163 papae
855 2128 883 2154 et
907 2126 982 2163 regis
1005 2126 1063 2161 (De
1077 2127 1184 2162 papatu
1198 2124 1346 2161 Romano)
1373 2126 1417 2154 ed.
1434 2125 1468 2154 K.
1483 2125 1613 2154 Francke
1652 2126 1804 2153 454-460

148 2173 215 2202 XlI.
236 2174 381 2211 Excerpta
406 2183 442 2202 ex
464 2173 599 2202 Widonis
620 2173 855 2209 Osnabrugensis
882 2173 955 2202 libro
981 2173 1018 2201 de
1044 2172 1240 2201 controversia
1261 2172 1452 2200 Hildebrandi
1474 2174 1502 2200 et
1523 2172 1612 2201 Hein-

290 2222 343 2249 rici
356 2221 407 2249 IV.
430 2221 507 2258 regis
529 2222 565 2256 (a.
591 2220 708 2256 1084s5)
731 2220 775 2248 ed.
798 2219 828 2247 L.
852 2220 888 2248 de
909 2220 1093 2248 Heinemann
1125 2240 1610 2248 ...........
1651 2220 1803 2246 461-470

134 2267 217 2296 XIII.
239 2267 402 2297 Bernhardi
424 2268 591 2297 scholastici
613 2267 844 2296 Constantiensis
866 2267 954 2295 Liber
979 2276 1123 2295 canonum
1154 2268 1253 2294 contra
1277 2266 1446 2294 Heiuricum
1464 2265 1515 2293 IV.
1545 2266 1610 2302 imp.

289 2315 325 2352 (a.
352 2314 437 2351 1085)
459 2315 503 2344 cd.
526 2314 571 2343 Fr.
594 2314 712 2342 Thaner
743 2333 1610 2342 ...................
1651 2312 1744 2339 471-

685 2427 918 2471 Deutsche
951 2427 1214 2470 Chroniken

378 2497 449 2531 und
476 2497 604 2531 andere
632 2495 974 2530 Geschichtsbiicher
1000 2495 1060 2529 des
1083 2494 1315 2528 Mittelalters.
1368 2494 1468 2527 Band
1487 2494 1514 2527 Ι.

483 2557 695 2600 Scriptorum
722 2554 781 2598 qui
806 2554 993 2590 vernacula
1014 2553 1132 2597 lingua
1158 2553 1212 2587 usi
1239 2555 1320 2587 sunt
1343 2556 1367 2586 t.
1388 2553 1415 2586 Ι.

674 2617 798 2647 Edetm·
820 2616 1035 2647 Hannoverae
1061 2615 1141 2646 1890
1175 2614 1223 2645 4⁰.

193 2677 216 2706 Ι.
237 2677 466 2706 Kaiserchronik
485 2677 565 2706 eines
583 2677 813 2714 Regensburger
826 2675 999 2713 geistlichen
1014 2674 1063 2711 (—
1081 2674 1166 2710 1147)
1181 2674 1315 2711 hei-ausg.
1331 2683 1387 2702 von
1401 2673 1432 2701 E.
1449 2672 1611 2701 Schroeder
1691 2672 1801 2699 1-392

390 2724 582 2761 Fortsetzung
602 2723 625 2752 I.
646 2740 684 2744 —
697 2723 778 2759 1250,
800 2722 838 2752 ΙΙ.
859 2739 895 2743 —
909 2722 982 2750 1276
1032 2741 1610 2750 .............
1651 2719 1801 2747 393—416

177 2771 215 2800 11.
239 2771 383 2800 Annolied
405 2771 538 2808 hcrausg.
560 2781 617 2800 von
637 2771 676 2800 M.
698 2770 849 2807 Roediger
883 2789 1415 2797 ............
