2081 3193
222 149 263 179 54

297 421 392 450 XXII.

283 516 355 545 XXI
360 516 394 545 II.

284 563 394 593 XXIV.

298 659 354 688 XX
357 659 382 686 V
387 682 392 687 .

282 848 391 877 XXVI.

265 1180 391 1210 XXVII.

252 1228 393 1258 XXVIII.

280 1466 390 1496 XXIX.

279 1990 390 2020 XXXI.

249 2132 390 2162 XXXIII.

250 2227 389 2256 xxxiv.

264 2274 388 2304 xxxv.

249 2369 388 2399 XXXVI.

236 2464 390 2494 XXXVII.

218 2512 387 2541 XXXVIII.

250 2653 388 2682 XXXIX.

767 144 942 172 TABULAE.
961 161 994 165 -
1013 144 1247 172 SCRIPTORUM
1270 145 1299 171 T.
1319 145 1419 172 XXVI.

1844 196 1920 223 Pagg.

387 256 392 260 .
424 232 468 261 Ex
488 231 633 260 Willelmi
654 231 794 261 Brittonis
816 233 955 270 operibus
978 253 1762 262 .................
1805 231 1958 261 295-389

578 279 623 307 Ex
638 278 782 307 Willclmi
798 278 896 308 Gestis
909 280 1038 317 Philippi
1049 278 1085 308 II.
1102 279 1226 316 Augusti
1244 279 1321 316 regis
1334 279 1512 308 Francorum
1525 288 1549 307 a.
1565 278 1764 307 1184—1220.

627 325 693 354 edd.
715 326 748 354 A.
770 326 910 355 Molinier
931 330 959 355 et
981 326 1015 356 G.
1038 326 1134 354 Waitz
1171 348 1762 354 .............
1805 326 1957 355 295—319

576 372 621 401 Ex
642 372 785 401 Willclmi
808 373 955 411 Philipide
977 384 1002 402 a.
1027 373 1227 403 1184—1218.
1261 374 1305 401 ed.
1328 374 1360 401 A.
1384 373 1578 410 Pannenborg
1611 395 1616 400 .
1660 395 1665 400 .
1708 395 1714 400 .
1757 395 1763 400 .
1786 373 1957 402 *319-389

424 421 543 449 Relatio
565 420 800 450 Marchianensis
822 421 858 450 de
880 431 978 459 pugna
999 421 1160 450 Bovinensi
1181 430 1206 449 a.
1231 420 1313 450 1214.
1345 421 1390 449 ed.
1415 419 1448 448 G.
1475 420 1568 449 Waitz
1611 443 1616 448 .
1659 443 1664 448 .
1709 443 1714 448 .
1757 443 1763 448 .
1805 421 1862 449 390
1902 422 1956 450 391

579 467 737 505 Catalogus
758 468 788 496 in
808 478 907 506 pugna
926 468 1086 497 Bovinensi
1108 471 1260 505 captorum
1272 490 1763 497 ...........
1806 469 1958 497 391—393

426 516 471 544 Ex
493 515 622 544 Historia
643 514 823 544 Francorum
844 525 937 554 usque
959 516 996 544 ad
1018 526 1042 544 a.
1068 516 1149 543 1214.
1183 515 1227 543 ed.
1250 516 1282 544 A.
1304 515 1443 544 Molinier
1465 537 1762 544 .......
1805 516 1958 545 394-396

426 563 471 592 Ex
491 562 570 591 Petri
592 562 746 591 Sar-nensis
768 562 899 592 Historia
920 563 1048 592 Simonis
1080 563 1195 592 comitis
1227 563 1264 591 (le
1290 563 1484 591 Monte-forti
1516 572 1540 591 a.
1566 563 1763 591 1209—1217.

477 611 522 639 ed.
549 610 583 639 O.
605 610 829 648 Holder-Egger
881 631 1763 639 ...................
1805 612 1958 640 397—403

426 659 469 687 Ex
491 657 630 686 Carmine
652 657 689 686 de
711 658 789 686 bello
812 658 1017 695 Albigensium
1039 668 1063 685 a.
1089 657 1286 686 1208—1217.
1320 658 1364 686 cd.
1388 657 1421 686 O.
1444 657 1668 695 Holder-Egger
1709 681 1714 686 .
1756 683 1762 688 .
1803 659 1959 687 404—432

577 704 797 733 ExGuillelmi
817 705 995 734 Tudelensis
1018 705 1148 733 carmine
1169 714 1194 732 a.
1221 704 1407 734 1208—1211
1465 727 1763 733 .......
1804 706 1956 734 407-411

578 752 622 780 Ex
644 752 782 790 anonymi
804 753 1022 781 continuatione
1044 761 1069 780 a.
1094 752 1282 780 1215—1217
1320 773 1762 781 ..........
1804 753 1959 782 412—432

577 799 622 827 Ex
643 799 774 828 Historia
795 799 867 827 belli
887 799 1093 837 Albigensium
1114 799 1262 828 Tolosana
1284 808 1309 827 a.
1336 799 1523 827 1208—1217
1564 822 1762 829 .....
1804 801 1959 829 407-432

424 848 468 876 Ex
489 847 688 876 Monumentis
710 846 973 875 Lemovicensibus
995 847 1040 875 ed.
1064 846 1098 875 O.
1119 846 1344 884 Holder-Egger
1367 868 1762 876 .........
1803 849 1955 876 433—441

577 894 621 922 Ex
642 894 785 923 Bernardi
806 894 887 922 Iterii
909 894 1027 922 armarii
1048 894 1076 922 S.
1098 894 1242 922 Martialis
1265 893 1412 923 Chronico
1435 904 1459 922 a.
1485 894 1673 923 1032—1216
1710 916 1716 922 .
1758 917 1764 923 .
1805 896 1862 924 435
1901 891 1958 924 43¹6

577 942 622 970 Ex
642 941 726 970 Notis
748 941 775 970 S.
798 941 941 970 Martialis
963 941 1225 970 Lemovicensibus
1248 950 1272 969 a.
1299 940 1489 970 1192—1265
1514 964 1763 971 ......
1901 944 1958 972 436

577 989 622 1017 Ex
642 988 727 1017 Notis
748 988 1012 1017 Lemovicensibus
1033 998 1058 1017 a.
1083 988 1273 1017 1238—1275
1321 1011 1763 1018 ..........
1804 990 1861 1018 436
1901 991 1958 1018 437

578 1036 624 1064 Ex
644 1036 728 1065 Notis
750 1035 777 1065 S.
799 1036 919 1065 Martini
939 1036 1202 1065 Lemovicensibus
1224 1046 1249 1064 a.
1275 1036 1464 1064 1215—1275
1516 1058 1764 1066 ......
1805 1038 1958 1066 437-439

578 1084 746 1113 Chronicon
767 1084 856 1112 breve
878 1093 1062 1112 summorum
1082 1084 1255 1121 pontificum
1276 1094 1300 1112 a.
1326 1083 1517 1112 1241—1316
1563 1105 1763 1113 .....
1804 1085 1861 1113 439
1901 1085 1960 1114 440

577 1131 622 1159 Ex
643 1131 806 1159 Annalibus
829 1130 856 1159 S.
879 1131 1022 1159 Martialis
1045 1131 1308 1160 Lemovicensibus
1330 1140 1355 1160 a.
1380 1131 1572 1160 1245—1320
1613 1154 1618 1160 .
1661 1155 1667 1160 .
1710 1155 1715 1160 .
1758 1155 1763 1160 .
1805 1133 1863 1161 440
1901 1133 1956 1161 441

422 1180 467 1208 Ex
489 1179 636 1208 Chronico
658 1178 817 1207 universali
839 1178 1030 1207 Laudnnensi
1051 1188 1075 1207 a.
1102 1178 1300 1206 1066-1219.
1334 1179 1379 1207 ed.
1403 1178 1437 1208 G.
1460 1179 1556 1208 waitz
1611 1203 1617 1208 .
1660 1203 1665 1208 .
1709 1202 1715 1208 .
1757 1203 1763 1208 .
1804 1180 1957 1209 442—457

424 1228 469 1256 Ex
491 1226 637 1255 Chronico
660 1225 688 1254 S.
709 1226 829 1254 Martini
850 1226 1018 1255 Turonensi
1039 1243 1075 1246 —
1101 1225 1184 1253 1227.
1217 1226 1261 1254 ed.
1291 1226 1325 1254 O.
1347 1226 1571 1264 Holder-Egger
1612 1250 1618 1256 .
1661 1250 1666 1256 .
1710 1250 1715 1255 .
1758 1249 1763 1254 .
1804 1228 1958 1256 458—476

576 1274 621 1302 Ex
642 1273 869 1302 Oontinuatione
891 1273 1030 1302 Chronici
1053 1273 1079 1302 S.
1101 1273 1221 1302 Martini
1243 1274 1405 1302 abbreviati
1426 1284 1452 1302 a.
1477 1274 1666 1304 1251—1328
1709 1297 1714 1303 .
1757 1297 1763 1302 .
1901 1274 1958 1302 476

576 1321 622 1350 Ex
642 1321 721 1349 Petri
742 1320 865 1350 Bechim‘
887 1320 1033 1350 Chronico
1054 1321 1221 1350 Turonensi
1243 1321 1325 1349 brevi
1347 1338 1381 1341 —
1407 1322 1479 1351 1138
1516 1343 1763 1352 ......
1804 1323 1859 1350 477
1901 1322 1958 1351 478

576 1369 621 1397 Ex
641 1368 780 1397 Fulconis
797 1368 846 1396 IV.
868 1368 986 1397 Rechin
1008 1369 1138 1398 Historia
1158 1369 1299 1398 comitum
1320 1369 1578 1406 Andegavensium
1599 1380 1624 1398 a.
1648 1370 1722 1398 1096
1758 1394 1763 1399 .
1901 1370 1955 1397 461

576 1417 621 1445 Ex
633 1416 827 1445 Dedicatione
843 1416 966 1445 Maioris
982 1416 1154 1445 monasterii
1170 1416 1198 1444 S.
1215 1416 1332 1444 Martini
1344 1416 1528 1445 Turonensis
1544 1427 1569 1445 a.
1588 1417 1670 1446 1095.
1689 1417 1762 1445 1096
1803 1418 1857 1445 461
1900 1417 1957 1446 462

422 1466 467 1494 Ex
482 1465 597 1494 Nicolai
612 1464 648 1492 de
664 1464 750 1492 Braia
765 1463 902 1492 Carmine
924 1464 961 1492 de
981 1464 1072 1502 gestis
1092 1464 1236 1493 Ludoviei
1251 1463 1333 1492 VIII.
1353 1465 1432 1501 regis
1453 1464 1605 1502 Franciae-
1617 1464 1652 1502 (†
1669 1465 1763 1501 1226).

476 1513 521 1542 ed.
544 1512 577 1541 O.
599 1511 824 1549 Holder-Egger
877 1533 1762 1541 ...................
1803 1513 1956 1542 479—487

420 1561 466 1589 Ex
486 1560 648 1589 Annalibus
669 1559 876 1588 Normannicis
899 1559 943 1587 ed.
967 1558 1000 1588 O.
1022 1559 1247 1596 Holder-Egger
1272 1580 1763 1587 ...........
1804 1560 1956 1589 488—517

577 1607 622 1635 Ex
642 1607 805 1635 Annalibus
826 1606 1099 1643 Rotomagensibus
1122 1616 1147 1634 a.
1170 1606 1343 1634 754—1342
1365 1627 1760 1635 .........
1802 1607 1957 1636 490-506

576 1654 621 1682 Ex
641 1654 805 1682 Annalibus
827 1654 853 1682 S.
876 1654 988 1682 Ebrulfi
1010 1654 1200 1682 Uticensibus
1223 1664 1247 1682 a.
1270 1654 1443 1682 755—1370
1465 1676 1470 1682 .
1514 1677 1519 1682 .
1562 1675 1568 1681 .
1608 1654 1764 1683 490—500
1804 1655 1859 1682 507
1902 1655 1957 1684 508

576 1702 622 1731 Ex
641 1702 805 1730 Annalibus
828 1701 1116 1730 Gemineticensibus
1139 1711 1163 1731 a.
1187 1701 1359 1729 752—1234
1415 1724 1420 1729 .
1463 1724 1468 1729 .
1512 1723 1517 1729 .
1560 1724 1566 1730 .
1607 1701 1762 1730 491—500
1803 1702 1953 1730 508—511

576 1750 621 1778 Ex
641 1749 806 1778 Annalibus
827 1749 855 1778 S.
878 1749 1019 1786 Stephani
1040 1748 1278 1778 Oadomensibus
1299 1759 1324 1777 a.
1348 1748 1520 1777 755-1294
1562 1772 1568 1777 .
1608 1750 1762 1777 491—499
1804 1750 1857 1778 511
1899 1749 1957 1778 512

575 1797 620 1825 Ex
641 1797 804 1825 Annalibus
826 1797 936 1826 Montis
958 1796 986 1825 S.
1008 1797 1164 1826 Michaelis
1186 1806 1211 1825 a.
1234 1796 1408 1824 875—1214
1463 1818 1663 1825 .....
1705 1797 1860 1825 497—500
1899 1797 1956 1825 512

575 1845 621 1874 Ex
641 1845 805 1873 Annalibus
826 1844 1034 1873 Normannicis
1055 1854 1080 1873 a.
1106 1844 1296 1872 1173—1272
1318 1865 1761 1872 ..........
1803 1843 1955 1873 512-517

573 1893 619 1921 Ex
639 1892 803 1921 Annalibus
824 1892 997 1921 Lirensibus
1019 1902 1044 1920 a.
1070 1892 1260 1920 1241—1250
1267 1913 1758 1921 ...........
1898 1892 1955 1920 514

575 1941 621 1969 Ex
640 1940 804 1968 Annalibus
826 1939 853 1968 S.
876 1939 999 1968 Taurini
1019 1940 1250 1969 Ebroicensibus
1272 1949 1297 1968 a.
1322 1939 1396 1967 1264
1416 1960 1761 1967 ........
1900 1940 1956 1967 516

421 1989 466 2018 Ex
487 1988 650 2017 Annalibus
672 1987 698 2016 S.
721 1987 857 2016 Medardj
878 1988 1144 2017 Suessionensibus
1165 1997 1190 2016 a.
1212 1987 1394 2015 497—1254.
1427 1987 1471 2016 ed.
1495 1986 1529 2016 G.
1546 1987 1663 2016 Waitz.
1706 2009 1712 2014 .
1754 2010 1760 2015 .
1802 1986 1955 2015 512—522

422 2037 467 2065 Ex
488 2036 626 2065 Historiis
648 2035 788 2073 anonymi
809 2034 969 2064 Remensis
991 2045 1016 2063 a.
1042 2034 1241 2064 1187-1260.
1274 2035 1318 2064 ed.
1342 2034 1376 2063 O.
1398 2034 1624 2073 Holder-Egger
1658 2056 1664 2061 .
1706 2056 1712 2062 .
1755 2057 1760 2062 .
1802 2034 1955 2062 523—555

573 2083 617 2111 Ex
632 2082 772 2112 Iohannis
793 2083 829 2111 de
843 2082 859 2110 J
863 2083 983 2112 oinville
1003 2083 1125 2111 historia
1140 2082 1283 2111 Ludoviei
1299 2082 1349 2110 ΙΧ.
1372 2082 1450 2119 regis
1464 2082 1606 2111 Franci-ae
1621 2081 1656 2120 (†
1673 2081 1759 2118 1270)
1801 2082 1954 2110 555—558

422 2132 556 2160 Andreae
580 2130 689 2168 Ungari
715 2131 882 2168 Descriptio
915 2131 1055 2159 victoriae
1082 2140 1098 2159 a
1123 2130 1233 2159 Karolo
1265 2130 1372 2159 comite
1393 2129 1566 2159 Provinciae
1597 2131 1761 2167 reportatae

473 2188 498 2207 a.
524 2178 722 2206 1245-1266.
755 2178 800 2207 ed.
824 2177 858 2206 G.
881 2177 977 2206 Waitz
1024 2198 1758 2205 ................
1801 2176 1954 2205 559—580

421 2226 465 2255 Ex
484 2226 648 2255 Annalibus
671 2225 770 2254 clerici
790 2225 967 2254 Parisiensis
989 2235 1014 2254 a.
1040 2225 1237 2254 1265—1268.
1272 2225 1316 2254 ed.
1340 2224 1374 2254 G.
1397 2225 1493 2253 Waitz
1511 2245 1759 2252 ......
1801 2224 1953 2253 581-583

420 2274 464 2302 Ex
496 2273 722 2303 Continuatioue
754 2272 911 2302 Gestorum
943 2273 1149 2310 episcoporum
1175 2273 1480 2302 Autissiodorensium
1511 2282 1535 2301 a.
1561 2271 1759 2301 1245—1266.

474 2321 519 2350 ed.
543 2321 577 2350 G.
599 2320 696 2349 Waitz
729 2340 1758 2348 ......................
1800 2318 1953 2347 583—586

419 2369 465 2398 Ex
486 2369 632 2398 Chronico
655 2368 773 2397 Girardi
794 2368 831 2397 de
852 2368 997 2397 Fracheto
1022 2385 1054 2388 —
1080 2367 1162 2397 1268.
1195 2368 1240 2397 ed.
1263 2368 1297 2396 O.
1318 2367 1542 2404 Holder-Egger
1558 2388 1758 2395 .....
1800 2365 1954 2394 587-590

576 2416 783 2444 Additamenta
804 2433 841 2435 —
864 2415 936 2443 1273
973 2434 1758 2444 .................
1897 2412 1954 2441 590

423 2464 467 2492 Ex
487 2464 594 2493 Adami
615 2463 867 2493 Claromontensis
882 2463 1018 2492 Floribus
1040 2463 1228 2491 historiarum
1251 2479 1287 2483 —
1305 2462 1386 2492 1268.
1416 2462 1460 2490 ed.
1484 2461 1517 2490 O.
1534 2461 1759 2498 Holder-Egger
1799 2460 1853 2488 591
1896 2460 1952 2488 592

419 2512 465 2540 Ex
480 2510 596 2540 Girardi
611 2511 648 2540 de
662 2511 806 2540 Arvernia
819 2511 1048 2540 Abbreviatione
1063 2510 1214 2539 Historiae
1230 2510 1360 2547 figuralis
1378 2527 1411 2530 -—
1426 2509 1508 2537 1271.
1525 2510 1570 2538 εὐ.
1584 2509 1618 2538 O.
1633 2509 1759 2538 Holder-

471 2559 569 2596 Egger
585 2578 1756 2586 .........................
1798 2554 1952 2583 592—595

574 2606 619 2634 Ex
641 2605 867 2635 Continuatione
889 2615 914 2634 a.
939 2605 1128 2634 1273—1288
1170 2624 1758 2633 .............
1896 2601 1952 2630 595

420 2654 465 2682 Ex
487 2653 639 2682 Guillehni
670 2653 706 2682 de
732 2653 992 2683 Podio-Laurentij
1023 2652 1154 2682 Historia
1184 2652 1388 2689 Albigensium
1421 2661 1446 2680 a.
1480 2650 1679 2680 1214—1272.
1712 2650 1756 2679 ed.

474 2701 507 2730 O.
530 2700 753 2738 Holder-Egger
779 2719 1756 2728 .....................
1798 2696 1950 2725 596—602

419 2748 465 2777 Ex
485 2748 633 2777 Historiae
663 2757 768 2786 regum
798 2748 939 2777 Franciae
971 2747 1197 2777 Continuatione
1225 2746 1387 2775 PariSiensi
1415 2755 1441 2775 a.
1477 2744 1674 2774 1234-1280.
1710 2744 1756 2774 ed.

474 2795 508 2824 Ο.
529 2795 753 2833 Holder-Egger
780 2814 1755 2824 .....................
1797 2791 1951 2820 603-610
