<?xml version="1.0" encoding="UTF-8"?>
<!DOCTYPE html PUBLIC "-//W3C//DTD XHTML 1.0 Transitional//EN"
    "http://www.w3.org/TR/xhtml1/DTD/xhtml1-transitional.dtd">
<html xmlns="http://www.w3.org/1999/xhtml" xml:lang="en" lang="en">
 <head>
  <title>
</title>
<meta http-equiv="Content-Type" content="text/html;charset=utf-8" />
  <meta name='ocr-system' content='tesseract 3.04.00' />
  <meta name='ocr-capabilities' content='ocr_page ocr_carea ocr_par ocr_line ocrx_word'/>
</head>
<body>
  <div class='ocr_page' id='page_1' title='image "./indiceseorumquae00gese_0097.png"; bbox 0 0 2081 3193; ppageno 0'>
   <div class='ocr_carea' id='block_1_1' title="bbox 514 150 1439 181">
    <p class='ocr_par' dir='ltr' id='par_1_1' title="bbox 514 150 1439 181">
     <span class='ocr_line' id='line_1_1' title="bbox 514 150 1439 181; baseline 0.004 -4"><span class='ocrx_word' id='word_1_1' title='bbox 514 150 687 178; x_wconf 84' lang='lat' dir='ltr'>TABULAE.</span> <span class='ocrx_word' id='word_1_2' title='bbox 704 167 737 171; x_wconf 90' lang='lat'><strong>—</strong></span> <span class='ocrx_word' id='word_1_3' title='bbox 755 151 973 179; x_wconf 82' lang='lat' dir='ltr'>SCRIPTORES</span> <span class='ocrx_word' id='word_1_4' title='bbox 993 153 1118 179; x_wconf 74' lang='lat' dir='ltr'>RERUM</span> <span class='ocrx_word' id='word_1_5' title='bbox 1138 154 1439 181; x_wconf 74' lang='lat' dir='ltr'>GERMANICARL&#39;M.</span> 
     </span>
    </p>
   </div>
   <div class='ocr_carea' id='block_1_2' title="bbox 1793 157 1829 189">
    <p class='ocr_par' dir='ltr' id='par_1_2' title="bbox 1793 157 1829 189">
     <span class='ocr_line' id='line_1_2' title="bbox 1793 157 1829 189; baseline 0 0"><span class='ocrx_word' id='word_1_6' title='bbox 1793 157 1829 189; x_wconf 82' lang='lat'>81</span> 
     </span>
    </p>
   </div>
   <div class='ocr_carea' id='block_1_3' title="bbox 1691 309 1819 330">
    <p class='ocr_par' dir='ltr' id='par_1_3' title="bbox 1691 309 1819 330">
     <span class='ocr_line' id='line_1_3' title="bbox 1691 309 1819 330; baseline 0 -1"><span class='ocrx_word' id='word_1_7' title='bbox 1691 309 1774 329; x_wconf 63' lang='lat' dir='ltr'>lit-cus.</span> <span class='ocrx_word' id='word_1_8' title='bbox 1790 314 1819 330; x_wconf 85' lang='lat' dir='ltr'>ex</span> 
     </span>
    </p>
   </div>
   <div class='ocr_carea' id='block_1_4' title="bbox 1709 398 1832 520">
    <p class='ocr_par' dir='ltr' id='par_1_4' title="bbox 1709 398 1832 520">
     <span class='ocr_line' id='line_1_4' title="bbox 1709 398 1832 427; baseline 0 -2"><span class='ocrx_word' id='word_1_9' title='bbox 1709 398 1758 427; x_wconf 75' lang='lat' dir='ltr'>SS.</span> <span class='ocrx_word' id='word_1_10' title='bbox 1783 398 1832 426; x_wconf 93' lang='lat' dir='ltr'>[ll.</span> 
     </span>
     <span class='ocr_line' id='line_1_5' title="bbox 1710 444 1832 473; baseline 0.016 -2"><span class='ocrx_word' id='word_1_11' title='bbox 1710 444 1758 471; x_wconf 88' lang='lat' dir='ltr'>SS.</span> <span class='ocrx_word' id='word_1_12' title='bbox 1783 445 1832 473; x_wconf 92' lang='lat' dir='ltr'>lll.</span> 
     </span>
     <span class='ocr_line' id='line_1_6' title="bbox 1711 492 1832 520; baseline -0.008 -1"><span class='ocrx_word' id='word_1_13' title='bbox 1711 492 1759 519; x_wconf 79' lang='lat' dir='ltr'>SS.</span> <span class='ocrx_word' id='word_1_14' title='bbox 1781 492 1832 520; x_wconf 69' lang='grc' dir='ltr'>ΧΙ.</span> 
     </span>
    </p>
   </div>
   <div class='ocr_carea' id='block_1_5' title="bbox 1709 585 1831 613">
    <p class='ocr_par' dir='ltr' id='par_1_5' title="bbox 1709 585 1831 613">
     <span class='ocr_line' id='line_1_7' title="bbox 1709 585 1831 613; baseline 0 0"><span class='ocrx_word' id='word_1_15' title='bbox 1709 586 1759 613; x_wconf 69' lang='lat' dir='ltr'>SS.</span> <span class='ocrx_word' id='word_1_16' title='bbox 1781 585 1831 613; x_wconf 85' lang='lat' dir='ltr'>XI.</span> 
     </span>
    </p>
   </div>
   <div class='ocr_carea' id='block_1_6' title="bbox 112 287 1664 902">
    <p class='ocr_par' dir='ltr' id='par_1_6' title="bbox 112 287 1664 902">
     <span class='ocr_line' id='line_1_8' title="bbox 878 287 1632 333; baseline 0.001 -15"><span class='ocrx_word' id='word_1_17' title='bbox 878 287 996 319; x_wconf 81' lang='lat' dir='ltr'>SAEC.</span> <span class='ocrx_word' id='word_1_18' title='bbox 1015 288 1072 319; x_wconf 90' lang='lat' dir='ltr'>XI.</span> <span class='ocrx_word' id='word_1_19' title='bbox 1558 308 1632 333; x_wconf 57' lang='lat' dir='ltr'>Paga.</span> 
     </span>
     <span class='ocr_line' id='line_1_9' title="bbox 113 346 1433 387; baseline 0.002 -11"><span class='ocrx_word' id='word_1_20' title='bbox 113 347 274 376; x_wconf 77' lang='lat' dir='ltr'>Thictmari</span> <span class='ocrx_word' id='word_1_21' title='bbox 289 347 542 382; x_wconf 70' lang='lat' dir='ltr'>Merseburgensis</span> <span class='ocrx_word' id='word_1_22' title='bbox 558 347 687 384; x_wconf 86' lang='lat' dir='ltr'>episcopi</span> <span class='ocrx_word' id='word_1_23' title='bbox 704 346 879 376; x_wconf 85' lang='lat' dir='ltr'>Chronicon.</span> <span class='ocrx_word' id='word_1_24' title='bbox 912 347 981 376; x_wconf 81' lang='lat' dir='ltr'>Post</span> <span class='ocrx_word' id='word_1_25' title='bbox 996 348 1154 377; x_wconf 73' lang='lat' dir='ltr'>editionem</span> <span class='ocrx_word' id='word_1_26' title='bbox 1171 349 1231 377; x_wconf 77' lang='lat'>1011.</span> <span class='ocrx_word' id='word_1_27' title='bbox 1247 349 1285 377; x_wconf 88' lang='lat' dir='ltr'>M.</span> <span class='ocrx_word' id='word_1_28' title='bbox 1301 350 1433 387; x_wconf 84' lang='lat' dir='ltr'>Lappcn-</span> 
     </span>
     <span class='ocr_line' id='line_1_10' title="bbox 190 393 1620 432; baseline 0.001 -9"><span class='ocrx_word' id='word_1_29' title='bbox 190 395 283 432; x_wconf 84' lang='lat' dir='ltr'>bergii</span> <span class='ocrx_word' id='word_1_30' title='bbox 305 394 473 432; x_wconf 78' lang='lat' dir='ltr'>recognovit</span> <span class='ocrx_word' id='word_1_31' title='bbox 493 394 658 423; x_wconf 74' lang='lat' dir='ltr'>Fridericus</span> <span class='ocrx_word' id='word_1_32' title='bbox 680 393 784 423; x_wconf 85' lang='lat' dir='ltr'>Kurze.</span> <span class='ocrx_word' id='word_1_33' title='bbox 810 394 881 423; x_wconf 82' lang='lat'>1889</span> <span class='ocrx_word' id='word_1_34' title='bbox 894 416 1620 425; x_wconf 87' lang='grc'><em>................</em></span> 
     </span>
     <span class='ocr_line' id='line_1_11' title="bbox 112 440 1620 479; baseline 0.001 -9"><span class='ocrx_word' id='word_1_35' title='bbox 112 442 240 470; x_wconf 86' lang='lat' dir='ltr'>Annales</span> <span class='ocrx_word' id='word_1_36' title='bbox 254 441 527 470; x_wconf 86' lang='lat' dir='ltr'>Hildeshcimenses</span> <span class='ocrx_word' id='word_1_37' title='bbox 569 440 697 470; x_wconf 83' lang='lat' dir='ltr'>Contulit</span> <span class='ocrx_word' id='word_1_38' title='bbox 712 450 778 469; x_wconf 90' lang='lat' dir='ltr'>cum</span> <span class='ocrx_word' id='word_1_39' title='bbox 793 442 895 470; x_wconf 76' lang='lat' dir='ltr'>codice</span> <span class='ocrx_word' id='word_1_40' title='bbox 910 441 1068 470; x_wconf 86' lang='lat' dir='ltr'>Parisiensi</span> <span class='ocrx_word' id='word_1_41' title='bbox 1084 442 1228 479; x_wconf 75' lang='lat' dir='ltr'>Georgius</span> <span class='ocrx_word' id='word_1_42' title='bbox 1242 443 1342 471; x_wconf 71' lang='lat' dir='ltr'>waitz.</span> <span class='ocrx_word' id='word_1_43' title='bbox 1361 444 1430 471; x_wconf 60' lang='lat'>1578</span> <span class='ocrx_word' id='word_1_44' title='bbox 1472 467 1477 472; x_wconf 92' lang='lat'>.</span> <span class='ocrx_word' id='word_1_45' title='bbox 1520 467 1524 471; x_wconf 94' lang='lat'>.</span> <span class='ocrx_word' id='word_1_46' title='bbox 1567 466 1572 471; x_wconf 92' lang='lat'>.</span> <span class='ocrx_word' id='word_1_47' title='bbox 1615 466 1620 471; x_wconf 92' lang='lat'>.</span> 
     </span>
     <span class='ocr_line' id='line_1_12' title="bbox 112 487 1622 526; baseline -0.001 -9"><span class='ocrx_word' id='word_1_48' title='bbox 112 488 248 526; x_wconf 66' lang='lat' dir='ltr'>W&#39;iponis</span> <span class='ocrx_word' id='word_1_49' title='bbox 260 488 426 523; x_wconf 80' lang='lat' dir='ltr'>Proverbia,</span> <span class='ocrx_word' id='word_1_50' title='bbox 438 488 612 525; x_wconf 83' lang='lat' dir='ltr'>Tetralogus</span> <span class='ocrx_word' id='word_1_51' title='bbox 625 487 754 516; x_wconf 84' lang='lat' dir='ltr'>Heinrici</span> <span class='ocrx_word' id='word_1_52' title='bbox 766 488 851 525; x_wconf 81' lang='lat' dir='ltr'>regis,</span> <span class='ocrx_word' id='word_1_53' title='bbox 864 488 933 516; x_wconf 79' lang='lat' dir='ltr'>Vita</span> <span class='ocrx_word' id='word_1_54' title='bbox 945 488 1111 517; x_wconf 83' lang='lat' dir='ltr'>Chuonradi</span> <span class='ocrx_word' id='word_1_55' title='bbox 1125 488 1145 516; x_wconf 91' lang='grc'>1.</span> <span class='ocrx_word' id='word_1_56' title='bbox 1154 489 1344 526; x_wconf 79' lang='lat' dir='ltr'>imperatoris.</span> <span class='ocrx_word' id='word_1_57' title='bbox 1360 490 1431 518; x_wconf 74' lang='lat'>1853</span> <span class='ocrx_word' id='word_1_58' title='bbox 1473 515 1478 520; x_wconf 85' lang='grc'>,</span> <span class='ocrx_word' id='word_1_59' title='bbox 1521 513 1526 519; x_wconf 82' lang='grc'><strong>,</strong></span> <span class='ocrx_word' id='word_1_60' title='bbox 1569 514 1574 518; x_wconf 90' lang='grc'><strong>,</strong></span> <span class='ocrx_word' id='word_1_61' title='bbox 1616 515 1622 520; x_wconf 86' lang='grc'><strong>,</strong></span> 
     </span>
     <span class='ocr_line' id='line_1_13' title="bbox 114 534 1431 574; baseline 0.002 -11"><span class='ocrx_word' id='word_1_62' title='bbox 114 535 249 574; x_wconf 82' lang='lat' dir='ltr'>Wiponis</span> <span class='ocrx_word' id='word_1_63' title='bbox 271 535 362 564; x_wconf 84' lang='lat' dir='ltr'>Gesta</span> <span class='ocrx_word' id='word_1_64' title='bbox 383 535 551 564; x_wconf 83' lang='lat' dir='ltr'>Chuonradi</span> <span class='ocrx_word' id='word_1_65' title='bbox 571 534 610 564; x_wconf 78' lang='lat'>11.</span> <span class='ocrx_word' id='word_1_66' title='bbox 632 537 786 573; x_wconf 87' lang='lat' dir='ltr'>ceteraque</span> <span class='ocrx_word' id='word_1_67' title='bbox 807 545 881 573; x_wconf 84' lang='lat' dir='ltr'>quae</span> <span class='ocrx_word' id='word_1_68' title='bbox 903 538 1059 573; x_wconf 83' lang='lat' dir='ltr'><strong>supersunt</strong></span> <span class='ocrx_word' id='word_1_69' title='bbox 1079 545 1175 573; x_wconf 76' lang='lat' dir='ltr'>opera.</span> <span class='ocrx_word' id='word_1_70' title='bbox 1218 537 1314 565; x_wconf 83' lang='lat' dir='ltr'>Editio</span> <span class='ocrx_word' id='word_1_71' title='bbox 1334 537 1431 565; x_wconf 79' lang='lat' dir='ltr'>altera.</span> 
     </span>
     <span class='ocr_line' id='line_1_14' title="bbox 187 582 1619 620; baseline -0.001 -8"><span class='ocrx_word' id='word_1_72' title='bbox 187 582 373 620; x_wconf 81' lang='lat' dir='ltr'>Recognovit</span> <span class='ocrx_word' id='word_1_73' title='bbox 394 582 538 611; x_wconf 85' lang='lat' dir='ltr'>Henricus</span> <span class='ocrx_word' id='word_1_74' title='bbox 558 582 705 610; x_wconf 85' lang='lat' dir='ltr'>Bresslau.</span> <span class='ocrx_word' id='word_1_75' title='bbox 730 582 802 611; x_wconf 81' lang='lat'>1878</span> <span class='ocrx_word' id='word_1_76' title='bbox 845 604 1619 612; x_wconf 89' lang='grc'><em>.................</em></span> 
     </span>
     <span class='ocr_line' id='line_1_15' title="bbox 315 628 1664 666; baseline 0.001 -8"><span class='ocrx_word' id='word_1_77' title='bbox 315 629 405 658; x_wconf 79' lang='lat' dir='ltr'>Gesta</span> <span class='ocrx_word' id='word_1_78' title='bbox 426 628 595 658; x_wconf 83' lang='lat' dir='ltr'>Chuonradi</span> <span class='ocrx_word' id='word_1_79' title='bbox 617 628 654 657; x_wconf 87' lang='grc' dir='ltr'>ΙΙ.</span> <span class='ocrx_word' id='word_1_80' title='bbox 676 629 859 666; x_wconf 82' lang='lat' dir='ltr'>imperatoris</span> <span class='ocrx_word' id='word_1_81' title='bbox 894 651 1430 659; x_wconf 87' lang='grc'><em>............</em></span> <span class='ocrx_word' id='word_1_82' title='bbox 1512 632 1565 658; x_wconf 88' lang='grc'>1-</span> <span class='ocrx_word' id='word_1_83' title='bbox 1586 632 1622 659; x_wconf 76' lang='grc'>48</span> <span class='ocrx_word' id='word_1_84' title='bbox 1659 662 1664 665; x_wconf 60' lang='grc'><strong>,</strong></span> 
     </span>
     <span class='ocr_line' id='line_1_16' title="bbox 315 676 1623 714; baseline 0.001 -10"><span class='ocrx_word' id='word_1_85' title='bbox 315 676 450 714; x_wconf 88' lang='lat' dir='ltr'>Wiponis</span> <span class='ocrx_word' id='word_1_86' title='bbox 471 677 599 705; x_wconf 85' lang='lat' dir='ltr'>carmina</span> <span class='ocrx_word' id='word_1_87' title='bbox 607 698 1430 706; x_wconf 88' lang='grc'>..................</span> <span class='ocrx_word' id='word_1_88' title='bbox 1490 678 1565 705; x_wconf 84' lang='grc'>49-</span> <span class='ocrx_word' id='word_1_89' title='bbox 1587 678 1623 705; x_wconf 81' lang='grc'>65</span> 
     </span>
     <span class='ocr_line' id='line_1_17' title="bbox 314 722 1620 761; baseline 0.001 -10"><span class='ocrx_word' id='word_1_90' title='bbox 314 724 477 761; x_wconf 79' lang='lat' dir='ltr'>Appendix.</span> <span class='ocrx_word' id='word_1_91' title='bbox 519 723 564 751; x_wconf 86' lang='lat' dir='ltr'>Ex</span> <span class='ocrx_word' id='word_1_92' title='bbox 585 724 747 751; x_wconf 82' lang='lat' dir='ltr'>Annalibus</span> <span class='ocrx_word' id='word_1_93' title='bbox 768 722 1009 760; x_wconf 80' lang='lat' dir='ltr'>Sangallensibus</span> <span class='ocrx_word' id='word_1_94' title='bbox 1030 724 1191 753; x_wconf 80' lang='lat' dir='ltr'>maioribus</span> <span class='ocrx_word' id='word_1_95' title='bbox 1215 723 1402 752; x_wconf 78' lang='lat'>1024—1039</span> <span class='ocrx_word' id='word_1_96' title='bbox 1426 747 1431 752; x_wconf 94' lang='lat'>.</span> <span class='ocrx_word' id='word_1_97' title='bbox 1492 724 1566 752; x_wconf 84' lang='lat'>69—</span> <span class='ocrx_word' id='word_1_98' title='bbox 1588 725 1620 752; x_wconf 84' lang='lat'>71</span> 
     </span>
     <span class='ocr_line' id='line_1_18' title="bbox 515 770 1624 808; baseline 0 -9"><span class='ocrx_word' id='word_1_99' title='bbox 515 770 560 799; x_wconf 79' lang='lat' dir='ltr'>Ex</span> <span class='ocrx_word' id='word_1_100' title='bbox 581 770 726 800; x_wconf 83' lang='lat' dir='ltr'>Chronico</span> <span class='ocrx_word' id='word_1_101' title='bbox 749 770 921 799; x_wconf 85' lang='lat' dir='ltr'>Herimanni</span> <span class='ocrx_word' id='word_1_102' title='bbox 942 771 1098 808; x_wconf 80' lang='lat' dir='ltr'>Augiensis</span> <span class='ocrx_word' id='word_1_103' title='bbox 1124 771 1311 798; x_wconf 78' lang='lat'>1024-1039</span> <span class='ocrx_word' id='word_1_104' title='bbox 1329 794 1334 799; x_wconf 88' lang='lat'>.</span> <span class='ocrx_word' id='word_1_105' title='bbox 1425 793 1430 798; x_wconf 92' lang='lat'>.</span> <span class='ocrx_word' id='word_1_106' title='bbox 1493 771 1566 799; x_wconf 86' lang='grc'>71-</span> <span class='ocrx_word' id='word_1_107' title='bbox 1589 772 1624 799; x_wconf 88' lang='grc'>76</span> 
     </span>
     <span class='ocr_line' id='line_1_19' title="bbox 517 817 1626 847; baseline 0.001 -1"><span class='ocrx_word' id='word_1_108' title='bbox 517 818 561 846; x_wconf 81' lang='lat' dir='ltr'>Ex</span> <span class='ocrx_word' id='word_1_109' title='bbox 583 817 728 847; x_wconf 87' lang='lat' dir='ltr'>Chronico</span> <span class='ocrx_word' id='word_1_110' title='bbox 751 817 874 846; x_wconf 83' lang='lat' dir='ltr'>Suevico</span> <span class='ocrx_word' id='word_1_111' title='bbox 896 818 1055 846; x_wconf 76' lang='lat' dir='ltr'>universali</span> <span class='ocrx_word' id='word_1_112' title='bbox 1079 817 1288 845; x_wconf 79' lang='lat'>1024-1039.</span> <span class='ocrx_word' id='word_1_113' title='bbox 1330 842 1336 847; x_wconf 94' lang='lat'>.</span> <span class='ocrx_word' id='word_1_114' title='bbox 1379 842 1384 847; x_wconf 95' lang='lat'>.</span> <span class='ocrx_word' id='word_1_115' title='bbox 1427 839 1432 845; x_wconf 96' lang='lat'>.</span> <span class='ocrx_word' id='word_1_116' title='bbox 1495 819 1529 846; x_wconf 75' lang='lat' dir='ltr'>7ss</span> <span class='ocrx_word' id='word_1_117' title='bbox 1547 837 1559 838; x_wconf 36' lang='grc' dir='ltr'><strong><em>ψ</em></strong></span> <span class='ocrx_word' id='word_1_118' title='bbox 1591 819 1626 847; x_wconf 75' lang='grc'>78</span> 
     </span>
     <span class='ocr_line' id='line_1_20' title="bbox 518 864 1625 902; baseline -0.001 -9"><span class='ocrx_word' id='word_1_119' title='bbox 518 864 671 893; x_wconf 81' lang='lat' dir='ltr'>Cantilena</span> <span class='ocrx_word' id='word_1_120' title='bbox 692 865 722 893; x_wconf 88' lang='lat' dir='ltr'>in</span> <span class='ocrx_word' id='word_1_121' title='bbox 744 864 954 894; x_wconf 86' lang='lat' dir='ltr'>Chuonradum</span> <span class='ocrx_word' id='word_1_122' title='bbox 974 865 1012 894; x_wconf 90' lang='lat' dir='ltr'>II.</span> <span class='ocrx_word' id='word_1_123' title='bbox 1034 865 1144 894; x_wconf 82' lang='lat' dir='ltr'>sactum</span> <span class='ocrx_word' id='word_1_124' title='bbox 1164 865 1383 902; x_wconf 76' lang='lat' dir='ltr'>imperatorem.</span> <span class='ocrx_word' id='word_1_125' title='bbox 1426 889 1432 894; x_wconf 94' lang='lat'>.</span> <span class='ocrx_word' id='word_1_126' title='bbox 1494 865 1566 893; x_wconf 77' lang='lat'>78—</span> <span class='ocrx_word' id='word_1_127' title='bbox 1588 865 1625 893; x_wconf 80' lang='lat'>80</span> 
     </span>
    </p>
   </div>
   <div class='ocr_carea' id='block_1_7' title="bbox 109 911 1623 1602">
    <p class='ocr_par' dir='ltr' id='par_1_7' title="bbox 109 911 1623 1602">
     <span class='ocr_line' id='line_1_21' title="bbox 519 911 1621 949; baseline -0.001 -9"><span class='ocrx_word' id='word_1_128' title='bbox 519 912 670 940; x_wconf 82' lang='lat' dir='ltr'>Cantilena</span> <span class='ocrx_word' id='word_1_129' title='bbox 692 912 722 940; x_wconf 87' lang='lat' dir='ltr'>in</span> <span class='ocrx_word' id='word_1_130' title='bbox 740 912 910 940; x_wconf 89' lang='lat' dir='ltr'>Heinricum</span> <span class='ocrx_word' id='word_1_131' title='bbox 925 911 978 940; x_wconf 84' lang='lat' dir='ltr'>HI.</span> <span class='ocrx_word' id='word_1_132' title='bbox 994 921 1018 941; x_wconf 84' lang='lat' dir='ltr'>a.</span> <span class='ocrx_word' id='word_1_133' title='bbox 1036 911 1118 940; x_wconf 79' lang='lat'>1028.</span> <span class='ocrx_word' id='word_1_134' title='bbox 1140 921 1241 949; x_wconf 87' lang='lat' dir='ltr'>regem</span> <span class='ocrx_word' id='word_1_135' title='bbox 1262 914 1431 941; x_wconf 82' lang='lat' dir='ltr'>coronatum</span> <span class='ocrx_word' id='word_1_136' title='bbox 1491 912 1528 940; x_wconf 84' lang='grc'>80</span> <span class='ocrx_word' id='word_1_137' title='bbox 1587 914 1621 941; x_wconf 88' lang='grc'>81</span> 
     </span>
     <span class='ocr_line' id='line_1_22' title="bbox 111 959 1432 997; baseline -0.001 -8"><span class='ocrx_word' id='word_1_138' title='bbox 111 959 254 989; x_wconf 85' lang='lat' dir='ltr'>Cnutonis</span> <span class='ocrx_word' id='word_1_139' title='bbox 275 960 352 997; x_wconf 84' lang='lat' dir='ltr'>regis</span> <span class='ocrx_word' id='word_1_140' title='bbox 368 959 458 988; x_wconf 85' lang='lat' dir='ltr'>Gesta</span> <span class='ocrx_word' id='word_1_141' title='bbox 480 960 541 987; x_wconf 81' lang='lat' dir='ltr'>sive</span> <span class='ocrx_word' id='word_1_142' title='bbox 558 959 729 988; x_wconf 87' lang='lat' dir='ltr'>Encomium</span> <span class='ocrx_word' id='word_1_143' title='bbox 746 959 867 987; x_wconf 86' lang='lat' dir='ltr'>Emmae</span> <span class='ocrx_word' id='word_1_144' title='bbox 888 959 1007 996; x_wconf 81' lang='lat' dir='ltr'>reginae</span> <span class='ocrx_word' id='word_1_145' title='bbox 1029 961 1146 987; x_wconf 85' lang='lat' dir='ltr'>auctore</span> <span class='ocrx_word' id='word_1_146' title='bbox 1160 959 1304 988; x_wconf 77' lang='lat' dir='ltr'>monacho</span> <span class='ocrx_word' id='word_1_147' title='bbox 1320 959 1348 988; x_wconf 88' lang='lat' dir='ltr'>S.</span> <span class='ocrx_word' id='word_1_148' title='bbox 1364 959 1432 988; x_wconf 88' lang='lat' dir='ltr'>Ber-</span> 
     </span>
     <span class='ocr_line' id='line_1_23' title="bbox 188 1007 1622 1036; baseline 0 -1"><span class='ocrx_word' id='word_1_149' title='bbox 188 1007 250 1035; x_wconf 85' lang='lat' dir='ltr'>tini.</span> <span class='ocrx_word' id='word_1_150' title='bbox 275 1007 347 1036; x_wconf 88' lang='lat'>1865</span> <span class='ocrx_word' id='word_1_151' title='bbox 363 1028 1622 1036; x_wconf 88' lang='grc'><em>...........................</em></span> 
     </span>
     <span class='ocr_line' id='line_1_24' title="bbox 111 1053 1621 1084; baseline -0.001 -1"><span class='ocrx_word' id='word_1_152' title='bbox 111 1054 279 1084; x_wconf 81' lang='lat' dir='ltr'>chronicon</span> <span class='ocrx_word' id='word_1_153' title='bbox 299 1053 505 1083; x_wconf 76' lang='lat' dir='ltr'>Novaliciense</span> <span class='ocrx_word' id='word_1_154' title='bbox 526 1062 563 1081; x_wconf 79' lang='lat' dir='ltr'>ex</span> <span class='ocrx_word' id='word_1_155' title='bbox 584 1053 756 1082; x_wconf 83' lang='lat' dir='ltr'>recensione</span> <span class='ocrx_word' id='word_1_156' title='bbox 777 1053 961 1082; x_wconf 87' lang='lat' dir='ltr'>Bethmanni.</span> <span class='ocrx_word' id='word_1_157' title='bbox 986 1054 1059 1082; x_wconf 72' lang='lat' dir='ltr'>184ss</span> <span class='ocrx_word' id='word_1_158' title='bbox 1087 1075 1621 1082; x_wconf 88' lang='grc'>............</span> 
     </span>
     <span class='ocr_line' id='line_1_25' title="bbox 111 1099 1431 1130; baseline -0.002 0"><span class='ocrx_word' id='word_1_159' title='bbox 111 1102 239 1130; x_wconf 86' lang='lat' dir='ltr'>Annales</span> <span class='ocrx_word' id='word_1_160' title='bbox 263 1101 438 1129; x_wconf 80' lang='lat' dir='ltr'>Altahenses</span> <span class='ocrx_word' id='word_1_161' title='bbox 466 1101 591 1129; x_wconf 84' lang='lat' dir='ltr'>maiores</span> <span class='ocrx_word' id='word_1_162' title='bbox 617 1109 654 1128; x_wconf 85' lang='lat' dir='ltr'>ex</span> <span class='ocrx_word' id='word_1_163' title='bbox 680 1101 850 1129; x_wconf 78' lang='lat' dir='ltr'>recensione</span> <span class='ocrx_word' id='word_1_164' title='bbox 875 1100 921 1128; x_wconf 91' lang='lat' dir='ltr'>W.</span> <span class='ocrx_word' id='word_1_165' title='bbox 949 1100 985 1129; x_wconf 87' lang='lat' dir='ltr'>de</span> <span class='ocrx_word' id='word_1_166' title='bbox 1013 1099 1205 1129; x_wconf 86' lang='lat' dir='ltr'>Giescbrecht</span> <span class='ocrx_word' id='word_1_167' title='bbox 1232 1103 1259 1129; x_wconf 88' lang='lat' dir='ltr'>ct</span> <span class='ocrx_word' id='word_1_168' title='bbox 1285 1100 1431 1128; x_wconf 86' lang='lat' dir='ltr'>Edmundi</span> 
     </span>
     <span class='ocr_line' id='line_1_26' title="bbox 187 1147 1622 1176; baseline 0 0"><span class='ocrx_word' id='word_1_169' title='bbox 187 1149 206 1176; x_wconf 95' lang='grc'>1.</span> <span class='ocrx_word' id='word_1_170' title='bbox 226 1150 254 1176; x_wconf 92' lang='lat' dir='ltr'>b.</span> <span class='ocrx_word' id='word_1_171' title='bbox 277 1149 313 1176; x_wconf 85' lang='lat' dir='ltr'>ab</span> <span class='ocrx_word' id='word_1_172' title='bbox 335 1147 447 1176; x_wconf 85' lang='lat' dir='ltr'>Oefele.</span> <span class='ocrx_word' id='word_1_173' title='bbox 472 1148 544 1176; x_wconf 82' lang='grc'>1868</span> <span class='ocrx_word' id='word_1_174' title='bbox 557 1168 1622 1176; x_wconf 88' lang='grc'>.......................</span> 
     </span>
     <span class='ocr_line' id='line_1_27' title="bbox 111 1193 1575 1231; baseline -0.001 -7"><span class='ocrx_word' id='word_1_175' title='bbox 111 1195 237 1225; x_wconf 84' lang='lat' dir='ltr'>Carmen</span> <span class='ocrx_word' id='word_1_176' title='bbox 257 1195 294 1223; x_wconf 90' lang='lat' dir='ltr'>de</span> <span class='ocrx_word' id='word_1_177' title='bbox 315 1195 394 1223; x_wconf 88' lang='lat' dir='ltr'>bello</span> <span class='ocrx_word' id='word_1_178' title='bbox 415 1194 560 1223; x_wconf 82' lang='lat' dir='ltr'>Saxonico</span> <span class='ocrx_word' id='word_1_179' title='bbox 583 1204 619 1223; x_wconf 80' lang='lat' dir='ltr'>ex</span> <span class='ocrx_word' id='word_1_180' title='bbox 640 1194 812 1223; x_wconf 82' lang='lat' dir='ltr'>recensione</span> <span class='ocrx_word' id='word_1_181' title='bbox 833 1193 964 1222; x_wconf 82' lang='lat' dir='ltr'>Oswaldi</span> <span class='ocrx_word' id='word_1_182' title='bbox 984 1193 1214 1231; x_wconf 82' lang='lat' dir='ltr'>Holder-Egger.</span> <span class='ocrx_word' id='word_1_183' title='bbox 1240 1194 1311 1223; x_wconf 79' lang='lat'>1889</span> <span class='ocrx_word' id='word_1_184' title='bbox 1330 1217 1335 1222; x_wconf 93' lang='lat'>.</span> <span class='ocrx_word' id='word_1_185' title='bbox 1378 1216 1383 1221; x_wconf 93' lang='lat'>.</span> <span class='ocrx_word' id='word_1_186' title='bbox 1426 1214 1430 1219; x_wconf 86' lang='lat'>.</span> <span class='ocrx_word' id='word_1_187' title='bbox 1473 1217 1479 1221; x_wconf 88' lang='lat'>.</span> <span class='ocrx_word' id='word_1_188' title='bbox 1522 1217 1526 1222; x_wconf 92' lang='lat'>.</span> <span class='ocrx_word' id='word_1_189' title='bbox 1569 1217 1575 1222; x_wconf 85' lang='lat'>.</span> 
     </span>
     <span class='ocr_line' id='line_1_28' title="bbox 313 1241 1623 1280; baseline -0.001 -10"><span class='ocrx_word' id='word_1_190' title='bbox 313 1241 491 1280; x_wconf 84' lang='lat' dir='ltr'>Conquestio</span> <span class='ocrx_word' id='word_1_191' title='bbox 513 1241 643 1270; x_wconf 86' lang='lat' dir='ltr'>Heinrici</span> <span class='ocrx_word' id='word_1_192' title='bbox 666 1241 716 1269; x_wconf 82' lang='lat' dir='ltr'>[V.</span> <span class='ocrx_word' id='word_1_193' title='bbox 739 1241 921 1278; x_wconf 82' lang='lat' dir='ltr'>imperatoris</span> <span class='ocrx_word' id='word_1_194' title='bbox 943 1241 979 1269; x_wconf 80' lang='lat' dir='ltr'>ad</span> <span class='ocrx_word' id='word_1_195' title='bbox 1001 1241 1171 1269; x_wconf 85' lang='lat' dir='ltr'>Heinricum</span> <span class='ocrx_word' id='word_1_196' title='bbox 1194 1241 1286 1269; x_wconf 89' lang='lat' dir='ltr'>filium</span> <span class='ocrx_word' id='word_1_197' title='bbox 1328 1262 1334 1267; x_wconf 92' lang='lat'>.</span> <span class='ocrx_word' id='word_1_198' title='bbox 1376 1262 1382 1267; x_wconf 93' lang='lat'>.</span> <span class='ocrx_word' id='word_1_199' title='bbox 1424 1264 1429 1269; x_wconf 91' lang='lat'>.</span> <span class='ocrx_word' id='word_1_200' title='bbox 1493 1241 1566 1268; x_wconf 77' lang='lat'>24-</span> <span class='ocrx_word' id='word_1_201' title='bbox 1589 1242 1623 1269; x_wconf 83' lang='grc'>28</span> 
     </span>
     <span class='ocr_line' id='line_1_29' title="bbox 109 1288 1618 1325; baseline -0.001 -7"><span class='ocrx_word' id='word_1_202' title='bbox 109 1289 259 1318; x_wconf 81' lang='lat' dir='ltr'>Lamberti</span> <span class='ocrx_word' id='word_1_203' title='bbox 269 1289 623 1318; x_wconf 84' lang='lat' dir='ltr'>HersfeldensisAnnales</span> <span class='ocrx_word' id='word_1_204' title='bbox 635 1288 964 1317; x_wconf 79' lang='lat' dir='ltr'>exrecensioneHessii.</span> <span class='ocrx_word' id='word_1_205' title='bbox 980 1288 1428 1325; x_wconf 71' lang='lat' dir='ltr'>Editioprior1843‚altera1874</span> <span class='ocrx_word' id='word_1_206' title='bbox 1469 1313 1474 1317; x_wconf 89' lang='lat'>.</span> <span class='ocrx_word' id='word_1_207' title='bbox 1517 1311 1521 1315; x_wconf 96' lang='lat'>.</span> <span class='ocrx_word' id='word_1_208' title='bbox 1564 1312 1570 1317; x_wconf 92' lang='lat'>.</span> <span class='ocrx_word' id='word_1_209' title='bbox 1612 1312 1618 1317; x_wconf 93' lang='lat'>.</span> 
     </span>
     <span class='ocr_line' id='line_1_30' title="bbox 110 1336 1619 1366; baseline -0.001 -1"><span class='ocrx_word' id='word_1_210' title='bbox 110 1337 256 1366; x_wconf 88' lang='lat' dir='ltr'>Brunonis</span> <span class='ocrx_word' id='word_1_211' title='bbox 277 1336 313 1364; x_wconf 88' lang='lat' dir='ltr'>de</span> <span class='ocrx_word' id='word_1_212' title='bbox 335 1336 412 1365; x_wconf 91' lang='lat' dir='ltr'>bello</span> <span class='ocrx_word' id='word_1_213' title='bbox 435 1336 579 1364; x_wconf 80' lang='lat' dir='ltr'>Saxonico</span> <span class='ocrx_word' id='word_1_214' title='bbox 601 1336 683 1364; x_wconf 89' lang='lat' dir='ltr'>liber.</span> <span class='ocrx_word' id='word_1_215' title='bbox 708 1336 780 1364; x_wconf 66' lang='lat'>1843</span> <span class='ocrx_word' id='word_1_216' title='bbox 797 1356 1619 1364; x_wconf 88' lang='grc'>..................</span> 
     </span>
     <span class='ocr_line' id='line_1_31' title="bbox 261 1382 1050 1420; baseline -0.005 -8"><span class='ocrx_word' id='word_1_217' title='bbox 261 1383 359 1412; x_wconf 86' lang='lat' dir='ltr'>Editio</span> <span class='ocrx_word' id='word_1_218' title='bbox 381 1384 471 1412; x_wconf 83' lang='lat' dir='ltr'>altera</span> <span class='ocrx_word' id='word_1_219' title='bbox 491 1383 659 1420; x_wconf 62' lang='lat' dir='ltr'>recognovit</span> <span class='ocrx_word' id='word_1_220' title='bbox 681 1383 726 1411; x_wconf 90' lang='lat' dir='ltr'>W.</span> <span class='ocrx_word' id='word_1_221' title='bbox 742 1382 945 1411; x_wconf 71' lang='lat' dir='ltr'>wattenbach.</span> <span class='ocrx_word' id='word_1_222' title='bbox 970 1382 1050 1411; x_wconf 80' lang='lat'>1880.</span> 
     </span>
     <span class='ocr_line' id='line_1_32' title="bbox 109 1428 1429 1467; baseline -0.003 -7"><span class='ocrx_word' id='word_1_223' title='bbox 109 1431 215 1460; x_wconf 86' lang='lat' dir='ltr'>Adami</span> <span class='ocrx_word' id='word_1_224' title='bbox 230 1430 320 1460; x_wconf 84' lang='lat' dir='ltr'>Gesta</span> <span class='ocrx_word' id='word_1_225' title='bbox 334 1430 616 1467; x_wconf 77' lang='lat' dir='ltr'>Hammaburgensis</span> <span class='ocrx_word' id='word_1_226' title='bbox 632 1430 773 1458; x_wconf 82' lang='lat' dir='ltr'>ecclesiae</span> <span class='ocrx_word' id='word_1_227' title='bbox 788 1430 958 1467; x_wconf 86' lang='lat' dir='ltr'>pontificum</span> <span class='ocrx_word' id='word_1_228' title='bbox 973 1439 1010 1457; x_wconf 76' lang='lat' dir='ltr'>ex</span> <span class='ocrx_word' id='word_1_229' title='bbox 1024 1429 1195 1458; x_wconf 87' lang='lat' dir='ltr'>recensione</span> <span class='ocrx_word' id='word_1_230' title='bbox 1207 1428 1429 1466; x_wconf 82' lang='lat' dir='ltr'>Lappenbergii.</span> 
     </span>
     <span class='ocr_line' id='line_1_33' title="bbox 185 1477 1622 1516; baseline -0.002 -9"><span class='ocrx_word' id='word_1_231' title='bbox 185 1478 283 1507; x_wconf 82' lang='lat' dir='ltr'>Editio</span> <span class='ocrx_word' id='word_1_232' title='bbox 304 1478 384 1516; x_wconf 85' lang='lat' dir='ltr'>prior</span> <span class='ocrx_word' id='word_1_233' title='bbox 406 1478 487 1512; x_wconf 68' lang='lat'>1846,</span> <span class='ocrx_word' id='word_1_234' title='bbox 510 1478 600 1506; x_wconf 85' lang='lat' dir='ltr'>altera</span> <span class='ocrx_word' id='word_1_235' title='bbox 624 1477 697 1506; x_wconf 76' lang='lat'>1876</span> <span class='ocrx_word' id='word_1_236' title='bbox 743 1498 1622 1506; x_wconf 77' lang='grc'><em>...................</em></span> 
     </span>
     <span class='ocr_line' id='line_1_34' title="bbox 109 1523 1431 1560; baseline -0.002 -6"><span class='ocrx_word' id='word_1_237' title='bbox 109 1525 264 1554; x_wconf 81' lang='lat' dir='ltr'>Waltrami</span> <span class='ocrx_word' id='word_1_238' title='bbox 292 1528 323 1554; x_wconf 85' lang='lat' dir='ltr'>ut</span> <span class='ocrx_word' id='word_1_239' title='bbox 352 1525 467 1554; x_wconf 72' lang='lat' dir='ltr'>videtur</span> <span class='ocrx_word' id='word_1_240' title='bbox 500 1525 588 1553; x_wconf 89' lang='lat' dir='ltr'>Liber</span> <span class='ocrx_word' id='word_1_241' title='bbox 619 1525 655 1553; x_wconf 84' lang='lat' dir='ltr'>de</span> <span class='ocrx_word' id='word_1_242' title='bbox 685 1525 796 1553; x_wconf 80' lang='lat' dir='ltr'>unitate</span> <span class='ocrx_word' id='word_1_243' title='bbox 822 1524 965 1553; x_wconf 81' lang='lat' dir='ltr'>ecclesiae</span> <span class='ocrx_word' id='word_1_244' title='bbox 991 1523 1200 1552; x_wconf 71' lang='lat' dir='ltr'>conservanda.</span> <span class='ocrx_word' id='word_1_245' title='bbox 1245 1523 1431 1560; x_wconf 76' lang='lat' dir='ltr'>Recognovit</span> 
     </span>
     <span class='ocr_line' id='line_1_35' title="bbox 185 1572 655 1602; baseline -0.004 0"><span class='ocrx_word' id='word_1_246' title='bbox 185 1572 233 1602; x_wconf 89' lang='lat' dir='ltr'>W.</span> <span class='ocrx_word' id='word_1_247' title='bbox 249 1572 549 1602; x_wconf 83' lang='lat' dir='ltr'>Schwenkenbecher.</span> <span class='ocrx_word' id='word_1_248' title='bbox 575 1572 655 1600; x_wconf 85' lang='lat'>1883.</span> 
     </span>
    </p>
   </div>
   <div class='ocr_carea' id='block_1_8' title="bbox 866 1651 1077 1683">
    <p class='ocr_par' dir='ltr' id='par_1_8' title="bbox 866 1651 1077 1683">
     <span class='ocr_line' id='line_1_36' title="bbox 866 1651 1077 1683; baseline -0.009 0"><span class='ocrx_word' id='word_1_249' title='bbox 866 1651 985 1683; x_wconf 77' lang='lat' dir='ltr'>SAEO.</span> <span class='ocrx_word' id='word_1_250' title='bbox 1002 1651 1077 1682; x_wconf 85' lang='lat' dir='ltr'>XII.</span> 
     </span>
    </p>
   </div>
   <div class='ocr_carea' id='block_1_9' title="bbox 108 1710 1622 1891">
    <p class='ocr_par' dir='ltr' id='par_1_9' title="bbox 108 1710 1428 1750">
     <span class='ocr_line' id='line_1_37' title="bbox 108 1710 1428 1750; baseline -0.002 -10"><span class='ocrx_word' id='word_1_251' title='bbox 108 1712 179 1742; x_wconf 84' lang='lat' dir='ltr'>Vita</span> <span class='ocrx_word' id='word_1_252' title='bbox 197 1712 329 1742; x_wconf 83' lang='lat' dir='ltr'>Heinrici</span> <span class='ocrx_word' id='word_1_253' title='bbox 350 1713 402 1741; x_wconf 81' lang='lat' dir='ltr'>IV.</span> <span class='ocrx_word' id='word_1_254' title='bbox 424 1713 608 1750; x_wconf 79' lang='lat' dir='ltr'>imperat-oris</span> <span class='ocrx_word' id='word_1_255' title='bbox 630 1722 666 1741; x_wconf 76' lang='lat' dir='ltr'>ex</span> <span class='ocrx_word' id='word_1_256' title='bbox 687 1712 858 1741; x_wconf 88' lang='lat' dir='ltr'>recensione</span> <span class='ocrx_word' id='word_1_257' title='bbox 873 1711 1099 1740; x_wconf 81' lang='lat' dir='ltr'>Wattenbachii.</span> <span class='ocrx_word' id='word_1_258' title='bbox 1134 1711 1230 1739; x_wconf 79' lang='lat' dir='ltr'>Editio</span> <span class='ocrx_word' id='word_1_259' title='bbox 1254 1711 1331 1747; x_wconf 88' lang='lat' dir='ltr'>prior</span> <span class='ocrx_word' id='word_1_260' title='bbox 1348 1710 1428 1745; x_wconf 74' lang='lat'>1856,</span> 
     </span>
    </p>

    <p class='ocr_par' dir='ltr' id='par_1_10' title="bbox 109 1760 1622 1844">
     <span class='ocr_line' id='line_1_38' title="bbox 185 1760 1622 1789; baseline -0.003 -1"><span class='ocrx_word' id='word_1_261' title='bbox 185 1760 277 1788; x_wconf 86' lang='lat' dir='ltr'>altera</span> <span class='ocrx_word' id='word_1_262' title='bbox 300 1760 373 1788; x_wconf 83' lang='lat'>1876</span> <span class='ocrx_word' id='word_1_263' title='bbox 411 1778 1622 1789; x_wconf 76' lang='grc'>.........................</span> 
     </span>
     <span class='ocr_line' id='line_1_39' title="bbox 109 1804 1429 1844; baseline -0.003 -9"><span class='ocrx_word' id='word_1_264' title='bbox 109 1806 256 1836; x_wconf 87' lang='lat' dir='ltr'>Herbordi</span> <span class='ocrx_word' id='word_1_265' title='bbox 280 1807 424 1844; x_wconf 84' lang='lat' dir='ltr'>Dialogus</span> <span class='ocrx_word' id='word_1_266' title='bbox 455 1807 491 1835; x_wconf 82' lang='lat' dir='ltr'>dc</span> <span class='ocrx_word' id='word_1_267' title='bbox 521 1807 580 1835; x_wconf 77' lang='lat' dir='ltr'>vita</span> <span class='ocrx_word' id='word_1_268' title='bbox 606 1806 721 1835; x_wconf 85' lang='lat' dir='ltr'>Ottom&#39;s</span> <span class='ocrx_word' id='word_1_269' title='bbox 751 1806 882 1843; x_wconf 83' lang='lat' dir='ltr'>episcopi</span> <span class='ocrx_word' id='word_1_270' title='bbox 907 1805 1161 1842; x_wconf 86' lang='lat' dir='ltr'>Babenbergensis</span> <span class='ocrx_word' id='word_1_271' title='bbox 1191 1814 1227 1833; x_wconf 77' lang='lat' dir='ltr'>ex</span> <span class='ocrx_word' id='word_1_272' title='bbox 1258 1804 1429 1832; x_wconf 83' lang='lat' dir='ltr'>recensione</span> 
     </span>
    </p>

    <p class='ocr_par' dir='ltr' id='par_1_11' title="bbox 184 1853 1620 1891">
     <span class='ocr_line' id='line_1_40' title="bbox 184 1853 1620 1891; baseline -0.005 -9"><span class='ocrx_word' id='word_1_273' title='bbox 184 1853 307 1883; x_wconf 84' lang='lat' dir='ltr'>Rudolfi</span> <span class='ocrx_word' id='word_1_274' title='bbox 329 1854 460 1891; x_wconf 86' lang='lat' dir='ltr'>Koepke.</span> <span class='ocrx_word' id='word_1_275' title='bbox 485 1854 557 1882; x_wconf 84' lang='grc'>1868</span> <span class='ocrx_word' id='word_1_276' title='bbox 605 1871 1620 1883; x_wconf 72' lang='grc'><em>......................</em></span> 
     </span>
    </p>
   </div>
   <div class='ocr_carea' id='block_1_10' title="bbox 109 1897 1621 2071">
    <p class='ocr_par' dir='ltr' id='par_1_12' title="bbox 109 1897 1621 2071">
     <span class='ocr_line' id='line_1_41' title="bbox 312 1897 1621 1938; baseline -0.004 -9"><span class='ocrx_word' id='word_1_277' title='bbox 312 1901 475 1938; x_wconf 79' lang='lat' dir='ltr'>Appendix.</span> <span class='ocrx_word' id='word_1_278' title='bbox 516 1901 561 1929; x_wconf 81' lang='lat' dir='ltr'>Ex</span> <span class='ocrx_word' id='word_1_279' title='bbox 582 1901 722 1930; x_wconf 85' lang='lat' dir='ltr'>Sermone</span> <span class='ocrx_word' id='word_1_280' title='bbox 743 1901 774 1928; x_wconf 84' lang='lat' dir='ltr'>in</span> <span class='ocrx_word' id='word_1_281' title='bbox 794 1900 966 1929; x_wconf 81' lang='lat' dir='ltr'>memoriam</span> <span class='ocrx_word' id='word_1_282' title='bbox 988 1901 1006 1927; x_wconf 95' lang='lat' dir='ltr'>b</span> <span class='ocrx_word' id='word_1_283' title='bbox 1036 1899 1151 1928; x_wconf 78' lang='lat' dir='ltr'>Ottonis</span> <span class='ocrx_word' id='word_1_284' title='bbox 1182 1919 1428 1927; x_wconf 89' lang='grc'><em>......</em></span> <span class='ocrx_word' id='word_1_285' title='bbox 1472 1897 1621 1924; x_wconf 70' lang='grc'>161-166</span> 
     </span>
     <span class='ocr_line' id='line_1_42' title="bbox 109 1944 1621 1986; baseline -0.005 -9"><span class='ocrx_word' id='word_1_286' title='bbox 109 1947 224 1978; x_wconf 79' lang='lat' dir='ltr'>Ottonis</span> <span class='ocrx_word' id='word_1_287' title='bbox 250 1949 382 1986; x_wconf 87' lang='lat' dir='ltr'>episcopi</span> <span class='ocrx_word' id='word_1_288' title='bbox 402 1948 598 1986; x_wconf 77' lang='lat' dir='ltr'>Frisingensis</span> <span class='ocrx_word' id='word_1_289' title='bbox 619 1947 786 1977; x_wconf 87' lang='lat' dir='ltr'>Chronicon</span> <span class='ocrx_word' id='word_1_290' title='bbox 808 1956 844 1976; x_wconf 78' lang='lat' dir='ltr'>ex</span> <span class='ocrx_word' id='word_1_291' title='bbox 865 1947 1036 1976; x_wconf 89' lang='lat' dir='ltr'>recensione</span> <span class='ocrx_word' id='word_1_292' title='bbox 1057 1946 1169 1983; x_wconf 84' lang='lat' dir='ltr'>Rogeri</span> <span class='ocrx_word' id='word_1_293' title='bbox 1180 1945 1333 1973; x_wconf 87' lang='lat' dir='ltr'>Wilmans.</span> <span class='ocrx_word' id='word_1_294' title='bbox 1359 1944 1429 1972; x_wconf 79' lang='lat'>1867</span> <span class='ocrx_word' id='word_1_295' title='bbox 1471 1966 1476 1971; x_wconf 92' lang='lat'>.</span> <span class='ocrx_word' id='word_1_296' title='bbox 1520 1965 1526 1970; x_wconf 94' lang='lat'>.</span> <span class='ocrx_word' id='word_1_297' title='bbox 1568 1967 1573 1972; x_wconf 94' lang='lat'>.</span> <span class='ocrx_word' id='word_1_298' title='bbox 1616 1965 1621 1970; x_wconf 93' lang='lat'>.</span> 
     </span>
     <span class='ocr_line' id='line_1_43' title="bbox 313 1990 1619 2032; baseline -0.005 -8"><span class='ocrx_word' id='word_1_299' title='bbox 313 1995 500 2024; x_wconf 80' lang='lat' dir='ltr'>Continuatio</span> <span class='ocrx_word' id='word_1_300' title='bbox 522 1995 616 2032; x_wconf 83' lang='lat' dir='ltr'>prima</span> <span class='ocrx_word' id='word_1_301' title='bbox 652 2012 1427 2022; x_wconf 85' lang='grc'><em>.................</em></span> <span class='ocrx_word' id='word_1_302' title='bbox 1469 1990 1524 2018; x_wconf 79' lang='lat'>352</span> <span class='ocrx_word' id='word_1_303' title='bbox 1565 1990 1619 2018; x_wconf 87' lang='grc'>353</span> 
     </span>
     <span class='ocr_line' id='line_1_44' title="bbox 311 2037 1620 2071; baseline -0.005 0"><span class='ocrx_word' id='word_1_304' title='bbox 311 2042 497 2071; x_wconf 78' lang='lat' dir='ltr'>Continuatio</span> <span class='ocrx_word' id='word_1_305' title='bbox 519 2042 610 2070; x_wconf 74' lang='lat' dir='ltr'>altera</span> <span class='ocrx_word' id='word_1_306' title='bbox 651 2059 1426 2069; x_wconf 89' lang='grc'>.................</span> <span class='ocrx_word' id='word_1_307' title='bbox 1469 2037 1620 2065; x_wconf 84' lang='grc'>353-355</span> 
     </span>
    </p>
   </div>
   <div class='ocr_carea' id='block_1_11' title="bbox 107 2083 1621 2456">
    <p class='ocr_par' dir='ltr' id='par_1_13' title="bbox 312 2083 1621 2172">
     <span class='ocr_line' id='line_1_45' title="bbox 312 2083 1621 2118; baseline -0.005 0"><span class='ocrx_word' id='word_1_308' title='bbox 312 2089 498 2118; x_wconf 65' lang='lat' dir='ltr'>Confirmatio</span> <span class='ocrx_word' id='word_1_309' title='bbox 520 2092 638 2117; x_wconf 84' lang='lat' dir='ltr'>auctore</span> <span class='ocrx_word' id='word_1_310' title='bbox 659 2088 765 2117; x_wconf 80' lang='lat' dir='ltr'>Ottone</span> <span class='ocrx_word' id='word_1_311' title='bbox 787 2088 930 2117; x_wconf 88' lang='lat' dir='ltr'>monacho</span> <span class='ocrx_word' id='word_1_312' title='bbox 952 2087 979 2115; x_wconf 87' lang='lat' dir='ltr'>S.</span> <span class='ocrx_word' id='word_1_313' title='bbox 994 2086 1086 2115; x_wconf 84' lang='lat' dir='ltr'>Blasii</span> <span class='ocrx_word' id='word_1_314' title='bbox 1133 2106 1427 2114; x_wconf 89' lang='grc'>.......</span> <span class='ocrx_word' id='word_1_315' title='bbox 1467 2083 1621 2111; x_wconf 76' lang='lat'>417—492</span> 
     </span>
     <span class='ocr_line' id='line_1_46' title="bbox 312 2131 1621 2172; baseline -0.006 -7"><span class='ocrx_word' id='word_1_316' title='bbox 312 2136 498 2165; x_wconf 75' lang='lat' dir='ltr'>Continuatio</span> <span class='ocrx_word' id='word_1_317' title='bbox 520 2136 570 2172; x_wconf 79' lang='lat' dir='ltr'>(ex</span> <span class='ocrx_word' id='word_1_318' title='bbox 591 2136 708 2164; x_wconf 84' lang='lat' dir='ltr'>Martini</span> <span class='ocrx_word' id='word_1_319' title='bbox 729 2135 800 2172; x_wconf 87' lang='lat' dir='ltr'>Opp.</span> <span class='ocrx_word' id='word_1_320' title='bbox 819 2135 925 2163; x_wconf 86' lang='lat' dir='ltr'>Chron.</span> <span class='ocrx_word' id='word_1_321' title='bbox 948 2136 976 2162; x_wconf 89' lang='lat' dir='ltr'>et</span> <span class='ocrx_word' id='word_1_322' title='bbox 991 2134 1114 2162; x_wconf 82' lang='lat' dir='ltr'>Gilbcrti</span> <span class='ocrx_word' id='word_1_323' title='bbox 1130 2133 1213 2161; x_wconf 84' lang='lat' dir='ltr'>Cont.</span> <span class='ocrx_word' id='word_1_324' title='bbox 1230 2132 1261 2161; x_wconf 85' lang='lat' dir='ltr'>O.</span> <span class='ocrx_word' id='word_1_325' title='bbox 1278 2132 1427 2169; x_wconf 75' lang='lat' dir='ltr'>excerpta)</span> <span class='ocrx_word' id='word_1_326' title='bbox 1467 2131 1621 2159; x_wconf 75' lang='lat'>492—500</span> 
     </span>
    </p>

    <p class='ocr_par' dir='ltr' id='par_1_14' title="bbox 109 2179 1621 2315">
     <span class='ocr_line' id='line_1_47' title="bbox 109 2179 1425 2220; baseline -0.005 -8"><span class='ocrx_word' id='word_1_327' title='bbox 109 2183 199 2212; x_wconf 82' lang='lat' dir='ltr'>Gesta</span> <span class='ocrx_word' id='word_1_328' title='bbox 223 2183 365 2212; x_wconf 76' lang='lat' dir='ltr'>Friderici</span> <span class='ocrx_word' id='word_1_329' title='bbox 394 2183 579 2220; x_wconf 84' lang='lat' dir='ltr'>imperatoris</span> <span class='ocrx_word' id='word_1_330' title='bbox 608 2183 774 2211; x_wconf 82' lang='lat' dir='ltr'>auctoribus</span> <span class='ocrx_word' id='word_1_331' title='bbox 801 2182 906 2210; x_wconf 82' lang='lat' dir='ltr'>Ottone</span> <span class='ocrx_word' id='word_1_332' title='bbox 938 2184 966 2210; x_wconf 84' lang='lat' dir='ltr'>et</span> <span class='ocrx_word' id='word_1_333' title='bbox 990 2180 1153 2217; x_wconf 78' lang='lat' dir='ltr'>Ragewino</span> <span class='ocrx_word' id='word_1_334' title='bbox 1186 2189 1222 2208; x_wconf 83' lang='lat' dir='ltr'>ex</span> <span class='ocrx_word' id='word_1_335' title='bbox 1253 2179 1425 2207; x_wconf 82' lang='lat' dir='ltr'>recensione</span> 
     </span>
     <span class='ocr_line' id='line_1_48' title="bbox 184 2230 1621 2268; baseline -0.006 -8"><span class='ocrx_word' id='word_1_336' title='bbox 184 2231 298 2268; x_wconf 87' lang='lat' dir='ltr'>Rogeri</span> <span class='ocrx_word' id='word_1_337' title='bbox 319 2230 473 2259; x_wconf 83' lang='lat' dir='ltr'>Wilmans.</span> <span class='ocrx_word' id='word_1_338' title='bbox 498 2230 569 2258; x_wconf 81' lang='lat'>1867</span> <span class='ocrx_word' id='word_1_339' title='bbox 607 2247 1621 2258; x_wconf 88' lang='grc'>......................</span> 
     </span>
     <span class='ocr_line' id='line_1_49' title="bbox 310 2272 1620 2315; baseline -0.007 -8"><span class='ocrx_word' id='word_1_340' title='bbox 310 2278 441 2315; x_wconf 85' lang='lat' dir='ltr'>Epistola</span> <span class='ocrx_word' id='word_1_341' title='bbox 462 2278 498 2306; x_wconf 90' lang='lat' dir='ltr'>de</span> <span class='ocrx_word' id='word_1_342' title='bbox 520 2280 610 2306; x_wconf 82' lang='lat' dir='ltr'>morte</span> <span class='ocrx_word' id='word_1_343' title='bbox 635 2277 774 2305; x_wconf 80' lang='lat' dir='ltr'>Friderici</span> <span class='ocrx_word' id='word_1_344' title='bbox 794 2276 977 2312; x_wconf 80' lang='lat' dir='ltr'>imperatoris</span> <span class='ocrx_word' id='word_1_345' title='bbox 987 2275 1007 2311; x_wconf 93' lang='lat'>¹)</span> <span class='ocrx_word' id='word_1_346' title='bbox 1029 2284 1053 2303; x_wconf 86' lang='lat' dir='ltr'>a.</span> <span class='ocrx_word' id='word_1_347' title='bbox 1078 2274 1151 2301; x_wconf 81' lang='lat'>1190</span> <span class='ocrx_word' id='word_1_348' title='bbox 1182 2295 1427 2303; x_wconf 87' lang='grc'><strong>......</strong></span> <span class='ocrx_word' id='word_1_349' title='bbox 1468 2272 1620 2299; x_wconf 80' lang='lat'>345-350</span> 
     </span>
    </p>

    <p class='ocr_par' dir='ltr' id='par_1_15' title="bbox 107 2319 1618 2456">
     <span class='ocr_line' id='line_1_50' title="bbox 108 2319 1428 2360; baseline -0.005 -7"><span class='ocrx_word' id='word_1_350' title='bbox 108 2323 224 2353; x_wconf 84' lang='lat' dir='ltr'>Ottonis</span> <span class='ocrx_word' id='word_1_351' title='bbox 245 2327 274 2353; x_wconf 80' lang='lat' dir='ltr'>et</span> <span class='ocrx_word' id='word_1_352' title='bbox 290 2324 449 2353; x_wconf 85' lang='lat' dir='ltr'>Rahewim&#39;</span> <span class='ocrx_word' id='word_1_353' title='bbox 471 2324 560 2353; x_wconf 85' lang='lat' dir='ltr'>Gesta</span> <span class='ocrx_word' id='word_1_354' title='bbox 574 2324 716 2352; x_wconf 83' lang='lat' dir='ltr'>Friderici</span> <span class='ocrx_word' id='word_1_355' title='bbox 730 2323 752 2351; x_wconf 72' lang='grc' dir='ltr'>Ι,</span> <span class='ocrx_word' id='word_1_356' title='bbox 774 2322 966 2360; x_wconf 81' lang='lat' dir='ltr'>imperatoris.</span> <span class='ocrx_word' id='word_1_357' title='bbox 1006 2321 1104 2350; x_wconf 88' lang='lat' dir='ltr'>Editio</span> <span class='ocrx_word' id='word_1_358' title='bbox 1126 2321 1223 2349; x_wconf 82' lang='lat' dir='ltr'>altera.</span> <span class='ocrx_word' id='word_1_359' title='bbox 1264 2319 1428 2348; x_wconf 85' lang='lat' dir='ltr'>Recensuit</span> 
     </span>
     <span class='ocr_line' id='line_1_51' title="bbox 186 2370 1618 2400; baseline -0.004 0"><span class='ocrx_word' id='word_1_360' title='bbox 186 2370 220 2400; x_wconf 88' lang='lat' dir='ltr'>G.</span> <span class='ocrx_word' id='word_1_361' title='bbox 236 2371 341 2400; x_wconf 84' lang='lat' dir='ltr'>Waitz.</span> <span class='ocrx_word' id='word_1_362' title='bbox 365 2372 437 2400; x_wconf 76' lang='lat'>1884</span> <span class='ocrx_word' id='word_1_363' title='bbox 460 2387 1618 2400; x_wconf 84' lang='grc'>.........................</span> 
     </span>
     <span class='ocr_line' id='line_1_52' title="bbox 107 2414 1618 2456; baseline -0.004 -9"><span class='ocrx_word' id='word_1_364' title='bbox 107 2417 299 2447; x_wconf 81' lang='lat' dir='ltr'>Monumenta</span> <span class='ocrx_word' id='word_1_365' title='bbox 319 2418 484 2448; x_wconf 72' lang='lat' dir='ltr'>&#39;Welforum</span> <span class='ocrx_word' id='word_1_366' title='bbox 506 2419 624 2456; x_wconf 79' lang='lat' dir='ltr'>antiqua</span> <span class='ocrx_word' id='word_1_367' title='bbox 645 2417 755 2446; x_wconf 85' lang='lat' dir='ltr'>editore</span> <span class='ocrx_word' id='word_1_368' title='bbox 778 2416 934 2444; x_wconf 79' lang='lat' dir='ltr'>Ludewico</span> <span class='ocrx_word' id='word_1_369' title='bbox 958 2415 1101 2443; x_wconf 87' lang='lat' dir='ltr'>Weiland.</span> <span class='ocrx_word' id='word_1_370' title='bbox 1127 2414 1199 2441; x_wconf 84' lang='grc'>1869</span> <span class='ocrx_word' id='word_1_371' title='bbox 1230 2434 1618 2442; x_wconf 89' lang='grc'>.........</span> 
     </span>
    </p>
   </div>
   <div class='ocr_carea' id='block_1_12' title="bbox 311 2459 1619 2640">
    <p class='ocr_par' dir='ltr' id='par_1_16' title="bbox 312 2459 1614 2500">
     <span class='ocr_line' id='line_1_53' title="bbox 312 2459 1614 2500; baseline -0.007 -6"><span class='ocrx_word' id='word_1_372' title='bbox 312 2465 441 2494; x_wconf 85' lang='lat' dir='ltr'>Historia</span> <span class='ocrx_word' id='word_1_373' title='bbox 462 2465 628 2494; x_wconf 77' lang='lat' dir='ltr'>Welsorum</span> <span class='ocrx_word' id='word_1_374' title='bbox 649 2463 882 2500; x_wconf 78' lang='lat' dir='ltr'>weingartensis</span> <span class='ocrx_word' id='word_1_375' title='bbox 891 2481 1423 2491; x_wconf 85' lang='grc'><strong><em>............</em></strong></span> <span class='ocrx_word' id='word_1_376' title='bbox 1505 2460 1558 2486; x_wconf 86' lang='grc'>1-</span> <span class='ocrx_word' id='word_1_377' title='bbox 1579 2459 1614 2485; x_wconf 88' lang='grc'>41</span> 
     </span>
    </p>

    <p class='ocr_par' dir='ltr' id='par_1_17' title="bbox 311 2506 1619 2640">
     <span class='ocr_line' id='line_1_54' title="bbox 411 2506 1619 2548; baseline -0.007 -7"><span class='ocrx_word' id='word_1_378' title='bbox 411 2511 598 2541; x_wconf 74' lang='lat' dir='ltr'>continuatio</span> <span class='ocrx_word' id='word_1_379' title='bbox 620 2510 889 2548; x_wconf 83' lang='lat' dir='ltr'>Staingademensis</span> <span class='ocrx_word' id='word_1_380' title='bbox 940 2528 1425 2538; x_wconf 88' lang='grc'>...........</span> <span class='ocrx_word' id='word_1_381' title='bbox 1486 2507 1559 2533; x_wconf 84' lang='lat'>41—</span> <span class='ocrx_word' id='word_1_382' title='bbox 1581 2506 1619 2532; x_wconf 86' lang='lat'>44</span> 
     </span>
     <span class='ocr_line' id='line_1_55' title="bbox 311 2552 1616 2597; baseline -0.008 -9"><span class='ocrx_word' id='word_1_383' title='bbox 311 2559 449 2588; x_wconf 84' lang='lat' dir='ltr'>Chronici</span> <span class='ocrx_word' id='word_1_384' title='bbox 470 2559 603 2597; x_wconf 82' lang='lat' dir='ltr'>Hugonis</span> <span class='ocrx_word' id='word_1_385' title='bbox 625 2558 810 2587; x_wconf 81' lang='lat' dir='ltr'>Continuatio</span> <span class='ocrx_word' id='word_1_386' title='bbox 833 2556 1065 2593; x_wconf 73' lang='lat' dir='ltr'>weingartensis</span> <span class='ocrx_word' id='word_1_387' title='bbox 1081 2575 1422 2584; x_wconf 88' lang='grc'>........</span> <span class='ocrx_word' id='word_1_388' title='bbox 1483 2553 1556 2580; x_wconf 80' lang='grc'>45-</span> <span class='ocrx_word' id='word_1_389' title='bbox 1580 2552 1616 2579; x_wconf 90' lang='lat'>60</span> 
     </span>
     <span class='ocr_line' id='line_1_56' title="bbox 312 2599 1615 2640; baseline -0.007 -5"><span class='ocrx_word' id='word_1_390' title='bbox 312 2605 450 2635; x_wconf 81' lang='lat' dir='ltr'>Chronici</span> <span class='ocrx_word' id='word_1_391' title='bbox 470 2606 594 2635; x_wconf 73' lang='lat' dir='ltr'>Honor-ii</span> <span class='ocrx_word' id='word_1_392' title='bbox 615 2605 800 2635; x_wconf 80' lang='lat' dir='ltr'>Continuatio</span> <span class='ocrx_word' id='word_1_393' title='bbox 822 2603 1052 2640; x_wconf 77' lang='lat' dir='ltr'>weingartensis</span> <span class='ocrx_word' id='word_1_394' title='bbox 1082 2623 1423 2631; x_wconf 88' lang='grc'><strong><em>........</em></strong></span> <span class='ocrx_word' id='word_1_395' title='bbox 1484 2600 1559 2627; x_wconf 86' lang='grc'>60-</span> <span class='ocrx_word' id='word_1_396' title='bbox 1580 2599 1615 2626; x_wconf 84' lang='grc'>63</span> 
     </span>
    </p>
   </div>
   <div class='ocr_carea' id='block_1_13' title="bbox 312 2685 511 2687">
    <p class='ocr_par' dir='ltr' id='par_1_18' title="bbox 312 2685 511 2687">
     <span class='ocr_line' id='line_1_57' title="bbox 312 2685 511 2687; baseline 0 0"><span class='ocrx_word' id='word_1_397' title='bbox 312 2685 511 2687; x_wconf 95' lang='lat' dir='ltr'> </span> 
     </span>
    </p>
   </div>
   <div class='ocr_carea' id='block_1_14' title="bbox 161 2724 1608 2800">
    <p class='ocr_par' dir='ltr' id='par_1_19' title="bbox 161 2724 1608 2800">
     <span class='ocr_line' id='line_1_58' title="bbox 264 2724 1310 2760; baseline -0.008 -4"><span class='ocrx_word' id='word_1_398' title='bbox 264 2733 285 2760; x_wconf 77' lang='lat' dir='ltr'>lj</span> <span class='ocrx_word' id='word_1_399' title='bbox 316 2730 391 2755; x_wconf 87' lang='lat' dir='ltr'>Haec</span> <span class='ocrx_word' id='word_1_400' title='bbox 409 2729 437 2755; x_wconf 90' lang='lat' dir='ltr'>in</span> <span class='ocrx_word' id='word_1_401' title='bbox 456 2729 541 2756; x_wconf 79' lang='lat' dir='ltr'>altera</span> <span class='ocrx_word' id='word_1_402' title='bbox 560 2728 702 2755; x_wconf 80' lang='lat' dir='ltr'>emendata</span> <span class='ocrx_word' id='word_1_403' title='bbox 720 2726 876 2754; x_wconf 85' lang='lat' dir='ltr'>recensione</span> <span class='ocrx_word' id='word_1_404' title='bbox 895 2725 1038 2751; x_wconf 83' lang='lat' dir='ltr'>Gestorum</span> <span class='ocrx_word' id='word_1_405' title='bbox 1057 2732 1110 2750; x_wconf 88' lang='lat' dir='ltr'>non</span> <span class='ocrx_word' id='word_1_406' title='bbox 1128 2724 1243 2757; x_wconf 80' lang='lat' dir='ltr'>repetita</span> <span class='ocrx_word' id='word_1_407' title='bbox 1263 2725 1310 2749; x_wconf 84' lang='lat' dir='ltr'>est.</span> 
     </span>
     <span class='ocr_line' id='line_1_59' title="bbox 161 2772 1608 2800; baseline -0.006 -1"><span class='ocrx_word' id='word_1_408' title='bbox 161 2780 254 2800; x_wconf 73' lang='lat' dir='ltr'>radices.</span> <span class='ocrx_word' id='word_1_409' title='bbox 1578 2772 1608 2797; x_wconf 81' lang='lat'>11</span> 
     </span>
    </p>
   </div>
   <div class='ocr_carea' id='block_1_15' title="bbox 1695 1054 1832 1083">
    <p class='ocr_par' dir='ltr' id='par_1_20' title="bbox 1695 1054 1832 1083">
     <span class='ocr_line' id='line_1_60' title="bbox 1695 1054 1832 1083; baseline 0.015 -2"><span class='ocrx_word' id='word_1_410' title='bbox 1695 1054 1743 1082; x_wconf 79' lang='lat' dir='ltr'>SS.</span> <span class='ocrx_word' id='word_1_411' title='bbox 1765 1054 1832 1083; x_wconf 70' lang='grc' dir='ltr'>ΥΠ.</span> 
     </span>
    </p>
   </div>
   <div class='ocr_carea' id='block_1_16' title="bbox 1697 1147 1831 1175">
    <p class='ocr_par' dir='ltr' id='par_1_21' title="bbox 1697 1147 1831 1175">
     <span class='ocr_line' id='line_1_61' title="bbox 1697 1147 1831 1175; baseline -0.007 0"><span class='ocrx_word' id='word_1_412' title='bbox 1697 1148 1746 1175; x_wconf 83' lang='lat' dir='ltr'>SS.</span> <span class='ocrx_word' id='word_1_413' title='bbox 1767 1147 1831 1175; x_wconf 87' lang='lat' dir='ltr'>XX.</span> 
     </span>
    </p>
   </div>
   <div class='ocr_carea' id='block_1_17' title="bbox 1617 1194 1832 1229">
    <p class='ocr_par' dir='ltr' id='par_1_22' title="bbox 1617 1194 1832 1229">
     <span class='ocr_line' id='line_1_62' title="bbox 1617 1194 1832 1229; baseline -0.009 -6"><span class='ocrx_word' id='word_1_414' title='bbox 1617 1219 1623 1223; x_wconf 89' lang='lat'>.</span> <span class='ocrx_word' id='word_1_415' title='bbox 1664 1194 1712 1223; x_wconf 81' lang='lat' dir='ltr'>ss</span> <span class='ocrx_word' id='word_1_416' title='bbox 1734 1194 1798 1229; x_wconf 60' lang='lat' dir='ltr'>XV.</span> <span class='ocrx_word' id='word_1_417' title='bbox 1817 1194 1832 1221; x_wconf 71' lang='lat'>2</span> 
     </span>
    </p>
   </div>
   <div class='ocr_carea' id='block_1_18' title="bbox 1660 1287 1830 1364">
    <p class='ocr_par' dir='ltr' id='par_1_23' title="bbox 1660 1287 1830 1364">
     <span class='ocr_line' id='line_1_63' title="bbox 1660 1287 1830 1316; baseline 0 -1"><span class='ocrx_word' id='word_1_418' title='bbox 1660 1288 1708 1316; x_wconf 77' lang='lat' dir='ltr'>SS.</span> <span class='ocrx_word' id='word_1_419' title='bbox 1733 1287 1782 1315; x_wconf 87' lang='grc'>[11.</span> <span class='ocrx_word' id='word_1_420' title='bbox 1797 1288 1830 1315; x_wconf 74' lang='lat' dir='ltr'>V.</span> 
     </span>
     <span class='ocr_line' id='line_1_64' title="bbox 1721 1334 1830 1364; baseline 0 -2"><span class='ocrx_word' id='word_1_421' title='bbox 1721 1334 1770 1364; x_wconf 81' lang='lat' dir='ltr'>SS.</span> <span class='ocrx_word' id='word_1_422' title='bbox 1794 1335 1830 1362; x_wconf 82' lang='lat' dir='ltr'>V.</span> 
     </span>
    </p>
   </div>
   <div class='ocr_carea' id='block_1_19' title="bbox 1694 1475 1831 1503">
    <p class='ocr_par' dir='ltr' id='par_1_24' title="bbox 1694 1475 1831 1503">
     <span class='ocr_line' id='line_1_65' title="bbox 1694 1475 1831 1503; baseline 0 0"><span class='ocrx_word' id='word_1_423' title='bbox 1694 1475 1742 1503; x_wconf 84' lang='lat' dir='ltr'>SS.</span> <span class='ocrx_word' id='word_1_424' title='bbox 1765 1475 1831 1503; x_wconf 78' lang='lat' dir='ltr'>VH.</span> 
     </span>
    </p>
   </div>
   <div class='ocr_carea' id='block_1_20' title="bbox 1694 1755 1830 1877">
    <p class='ocr_par' dir='ltr' id='par_1_25' title="bbox 1694 1755 1830 1877">
     <span class='ocr_line' id='line_1_66' title="bbox 1694 1755 1830 1784; baseline 0.007 -1"><span class='ocrx_word' id='word_1_425' title='bbox 1694 1756 1741 1784; x_wconf 82' lang='lat' dir='ltr'>SS.</span> <span class='ocrx_word' id='word_1_426' title='bbox 1763 1755 1830 1784; x_wconf 83' lang='lat' dir='ltr'>XII.</span> 
     </span>
     <span class='ocr_line' id='line_1_67' title="bbox 1695 1849 1829 1877; baseline 0 0"><span class='ocrx_word' id='word_1_427' title='bbox 1695 1849 1744 1877; x_wconf 79' lang='lat' dir='ltr'>SS.</span> <span class='ocrx_word' id='word_1_428' title='bbox 1765 1849 1829 1877; x_wconf 90' lang='lat' dir='ltr'>XX.</span> 
     </span>
    </p>
   </div>
   <div class='ocr_carea' id='block_1_21' title="bbox 1695 1895 1829 1971">
    <p class='ocr_par' dir='ltr' id='par_1_26' title="bbox 1695 1895 1829 1971">
     <span class='ocr_line' id='line_1_68' title="bbox 1695 1895 1829 1925; baseline 0 -2"><span class='ocrx_word' id='word_1_429' title='bbox 1695 1896 1743 1925; x_wconf 88' lang='lat' dir='ltr'>SS.</span> <span class='ocrx_word' id='word_1_430' title='bbox 1764 1895 1829 1924; x_wconf 86' lang='lat' dir='ltr'>XX.</span> 
     </span>
     <span class='ocr_line' id='line_1_69' title="bbox 1695 1943 1829 1971; baseline 0 0"><span class='ocrx_word' id='word_1_431' title='bbox 1695 1943 1743 1971; x_wconf 88' lang='lat' dir='ltr'>SS.</span> <span class='ocrx_word' id='word_1_432' title='bbox 1764 1943 1829 1971; x_wconf 89' lang='lat' dir='ltr'>XX.</span> 
     </span>
    </p>
   </div>
   <div class='ocr_carea' id='block_1_22' title="bbox 1692 2224 1827 2252">
    <p class='ocr_par' dir='ltr' id='par_1_27' title="bbox 1692 2224 1827 2252">
     <span class='ocr_line' id='line_1_70' title="bbox 1692 2224 1827 2252; baseline -0.007 0"><span class='ocrx_word' id='word_1_433' title='bbox 1692 2224 1741 2252; x_wconf 84' lang='lat' dir='ltr'>SS.</span> <span class='ocrx_word' id='word_1_434' title='bbox 1763 2224 1827 2252; x_wconf 82' lang='lat' dir='ltr'>XX.</span> 
     </span>
    </p>
   </div>
   <div class='ocr_carea' id='block_1_23' title="bbox 1678 2364 1828 2440">
    <p class='ocr_par' dir='ltr' id='par_1_28' title="bbox 1678 2364 1828 2440">
     <span class='ocr_line' id='line_1_71' title="bbox 1693 2364 1828 2393; baseline 0 -2"><span class='ocrx_word' id='word_1_435' title='bbox 1693 2364 1741 2393; x_wconf 80' lang='lat' dir='ltr'>SS.</span> <span class='ocrx_word' id='word_1_436' title='bbox 1762 2364 1828 2392; x_wconf 85' lang='lat' dir='ltr'>XX.</span> 
     </span>
     <span class='ocr_line' id='line_1_72' title="bbox 1678 2411 1827 2440; baseline 0.007 -1"><span class='ocrx_word' id='word_1_437' title='bbox 1678 2411 1725 2439; x_wconf 88' lang='lat' dir='ltr'>SS.</span> <span class='ocrx_word' id='word_1_438' title='bbox 1747 2411 1827 2440; x_wconf 86' lang='lat' dir='ltr'>XXI.</span> 
     </span>
    </p>
   </div>
  </div>
 </body>
</html>
