2081 3193
173 202 213 228 VI

175 283 298 331 quoad
320 281 409 329 steri
436 281 558 330 potuit
593 281 876 327 instruerentur,
917 295 987 331 qiio
1018 283 1060 319 de
1088 290 1242 332 tempore
1271 283 1431 332 sinqulis
1460 284 1630 333 operibus
1656 284 1815 320 relatum
1843 283 1902 328 sit,

172 364 241 399 quo
270 357 429 393 auctore,
461 362 531 398 quo
561 356 726 398 tempore,
755 363 825 398 quo
856 351 932 387 loco
961 352 1084 387 eudem
1111 352 1310 400 composita
1339 352 1424 389 sint.
1466 352 1510 388 Si
1527 351 1728 400 quidfalsi
1745 353 1787 388 de
1807 351 1900 388 libro

171 418 329 467 quolibet
367 419 421 454 rel
454 418 496 453 de
531 424 679 454 auctore
711 419 790 455 eius
828 419 866 455 in
901 420 1019 456 titulis
1040 420 1220 469 praefixis
1245 421 1377 457 dictum
1405 434 1481 457 esse
1508 420 1780 469 comprobatum
1808 427 1899 464 erat,

171 487 236 522 hoc
267 487 494 522 correrimus
528 499 652 522 errore
687 487 839 524 editoris
873 489 1061 524 adnotato.
1118 488 1161 524 Si
1192 490 1290 537 quod
1323 490 1540 538 opusculum
1573 489 1612 525 ¹in
1640 488 1772 537 priore
1807 495 1899 524 tomo

170 555 302 591 editum
327 561 455 603 postea
487 555 521 589 in
554 555 629 590 alio
658 556 885 592 emendatius
904 557 1123 593 recensitum
1142 564 1232 601 erat,
1256 557 1419 607 priorem
1440 557 1633 593 editionem
1654 556 1760 594 uncis
1782 557 1899 593 inclu-

170 623 302 666 simus,
347 630 383 658 ut
424 624 573 659 lectores
609 631 782 667 caveant,
824 638 869 660 ne
901 625 1077 661 deteriore
1109 626 1321 662 recensione
1348 639 1421 674 pro
1454 625 1699 662 emendatiore
1732 632 1897 662 utantur.

169 690 290 726 Etiam
313 691 378 739 qui
397 691 512 727 libelli
530 705 550 726 a
571 692 767 740 sulsariis.
789 693 973 733 Pratillio,
1003 693 1030 727 V
1032 694 1184 741 iynerio,
1215 694 1303 730 aliis
1325 695 1468 742 conficti
1484 695 1523 729 in
1543 701 1672 730 nostra
1692 693 1900 730 collectione

168 759 257 794 editi
283 760 366 798 sint,
397 761 693 803 monstravimus,
726 769 763 797 ut
790 762 939 798 lectores
968 762 1013 798 ab
1041 762 1099 798 his
1127 763 1363 799 consulendis
1389 769 1553 799 caveant.

271 828 312 863 ln
341 828 478 864 tabulis
507 830 754 866 tautummodo
784 831 1055 875 adnotavimus,
1085 845 1106 866 a
1135 843 1205 879 quo
1233 832 1368 867 editore
1396 832 1546 879 singula
1577 844 1687 880 opera
1718 832 1898 868 recensita

167 896 258 934 sint,
294 909 481 933 monemus
510 904 628 933 tamen
659 898 789 943 libros,
824 899 957 947 quibus
987 912 1115 935 nomen
1144 900 1295 936 editoris
1325 913 1398 936 non
1426 907 1479 936 est
1507 900 1747 949 adscriptum,
1784 900 1829 936 ab
1858 913 1898 936 eo

166 977 243 999 esse
271 965 481 1003 recensitos.
512 980 533 1001 a
562 979 632 1014 quo
661 974 772 1003 totum
794 969 960 1003 volumen
980 968 1113 1004 editum
1135 981 1212 1004 esse
1232 968 1491 1004 indicavimus.
1538 968 1632 1005 Eius
1652 981 1736 1005 vero
1757 975 1899 1005 tantum

167 1045 291 1068 nomen
330 1033 491 1080 sinyulis
529 1036 634 1071 tomis
664 1036 998 1085 praescripsiimis,
1035 1037 1100 1085 qui
1131 1037 1256 1072 omnia
1293 1038 1350 1072 vel
1373 1038 1457 1085 fere
1486 1037 1609 1078 omnia
1639 1050 1750 1086 opera
1778 1038 1897 1073 eodem

168 1101 348 1137 volumine
375 1103 635 1151 comprehensa
664 1104 857 1140 recensuit.
905 1104 1030 1140 Etiam
1057 1105 1123 1152 qui
1150 1105 1266 1140 libelli
1286 1118 1444 1153 maqnae
1468 1105 1692 1142 collectionis
1713 1105 1750 1141 in
1770 1106 1896 1141 collec-

165 1168 261 1205 tione
289 1170 428 1206 minore
458 1172 493 1207 in
526 1186 631 1208 usum.
660 1173 870 1209 scholarum
895 1173 990 1209 edita
1011 1173 1135 1210 recusi
1152 1174 1237 1218 sint,
1265 1180 1299 1209 et
1316 1173 1450 1222 quibus
1469 1173 1670 1222 specimina
1691 1174 1898 1223 scripturae

164 1238 325 1274 codicum
362 1240 503 1276 adiectu
540 1241 631 1285 sint,
665 1241 704 1276 in
741 1241 877 1277 tabulis
911 1242 1179 1286 indicavzmus5
1214 1255 1308 1291 quae
1340 1243 1517 1290 quomodo
1553 1242 1895 1291 siqnificaverimus,

166 1305 203 1341 in
232 1307 357 1343 tabula
387 1308 563 1356 siqlorum
596 1309 720 1346 uideas
742 1323 953 1359 precamur.

271 1375 434 1413 Tabulas
463 1385 666 1426 sequmztur
696 1379 833 1415 indices
850 1392 916 1428 per
942 1380 1104 1416 ordinem
1127 1379 1313 1428 alphabeti
1332 1380 1473 1428 di'yesti,
1502 1387 1534 1416 et
1546 1380 1670 1429 primo
1692 1382 1768 1417 loco
1790 1381 1896 1418 index

164 1450 353 1480 auctorum
381 1459 462 1482 cum
491 1446 608 1482 titulis
638 1447 815 1483 librorum
845 1448 890 1484 ab
918 1448 970 1484 eis
990 1448 1272 1497 compositorum
1293 1449 1465 1484 adnotato
1487 1449 1574 1493 loco,
1603 1461 1673 1497 quo
1693 1449 1784 1486 editi
1801 1450 1894 1494 sint,·

165 1512 202 1548 in
227 1525 297 1561 quo
327 1513 445 1550 indice
470 1515 579 1550 etiam
607 1528 733 1563 reynm
755 1516 1041 1565 principumque
1070 1530 1113 1553 ac
1134 1517 1348 1566 pontificum
1377 1517 1518 1553 litterae
1545 1518 1683 1554 allatae
1703 1525 1800 1554 sunt.
1851 1517 1896 1555 Ut

164 1581 272 1617 lector
301 1582 414 1618 obiter
442 1584 583 1631 quidem
613 1592 818 1631 cognoscat,
848 1597 919 1633 quo
948 1592 1104 1633 tempore
1133 1592 1300 1622 auctores
1330 1585 1498 1629 vixerint,
1527 1587 1650 1634 quoad
1660 1586 1751 1634 fieri
1760 1587 1894 1635 potuit,

164 1663 233 1698 quo
267 1664 365 1687 anno
401 1652 538 1688 mortui
569 1652 659 1696 sint,
695 1653 867 1702 reliquis,
900 1666 970 1702 quo
999 1655 1083 1702 fere
1120 1667 1219 1690 anno
1243 1654 1462 1702 floruerint,
1496 1655 1605 1690 etiam
1633 1656 1757 1703 quoad
1784 1654 1898 1700 licuit,

163 1731 233 1766 quo
269 1720 344 1755 loco
379 1720 597 1769 scripserint
631 1722 686 1757 vel
717 1722 825 1758 cuius
857 1729 976 1758 status
1010 1722 1304 1771 conditionisque
1330 1723 1496 1771 suerint,
1538 1736 1647 1771 quam
1685 1723 1897 1760 brevissime

165 1787 436 1824 adnotavimus.

271 1855 361 1891 Tum
388 1857 552 1894 dedimus
583 1858 735 1895 indicem
759 1872 1019 1908 personarmn,
1049 1860 1090 1896 de
1117 1860 1250 1908 quibus
1279 1860 1394 1897 libelli
1419 1860 1621 1909 conscripti
1645 1867 1742 1905 sunt,
1770 1861 1812 1897 de
1839 1861 1897 1897 his

164 1924 273 1960 etium
302 1926 423 1961 eadem
445 1928 529 1974 fere
557 1939 651 1975 quae
679 1928 721 1963 de
748 1928 961 1964 auctoribus
989 1935 1170 1965 notantes.

264 1992 406 2030 Deinde
436 1994 569 2031 imitati
596 1997 859 2043 quodammodo
893 1997 1030 2033 indices
1060 1996 1218 2033 (1.1848
1245 2005 1277 2034 et
1305 2012 1337 2034 a.
1361 1996 1465 2035 1866
1492 1998 1606 2034 editos
1626 1999 1896 2047 composuimus

165 2061 315 2098 iudicem
338 2063 509 2107 locorum,
533 2065 769 2112 populorum,
800 2072 994 2109 terrarum,
1026 2065 1062 2101 in
1083 2078 1153 2114 quo
1173 2066 1240 2102 sub
1260 2079 1400 2114 quoque
1421 2067 1497 2102 loco
1516 2067 1730 2103 coniunctos
1751 2067 1894 2103 invenis

164 2143 286 2166 omnes
320 2131 478 2175 libellos,
511 2133 576 2180 qui
608 2134 649 2169 de
683 2134 804 2169 eodem
834 2135 888 2170 vel
915 2134 953 2170 in
982 2135 1103 2170 eodem
1131 2135 1324 2183 compositi
1351 2135 1387 2171 in
1416 2142 1545 2171 nostra
1573 2135 1781 2171 collectione
1808 2135 1898 2171 editi

165 2206 264 2243 sunt,
307 2200 373 2236 sub
415 2207 597 2237 terrarum
640 2209 672 2238 et
699 2203 919 2250 populorum
956 2203 1167 2246 nominibus
1199 2215 1293 2251 quae
1325 2204 1368 2240 de
1400 2203 1534 2240 eisdem
1567 2203 1664 2240 edita
1699 2203 1738 2240 in
1771 2204 1895 2240 eadem

164 2266 353 2303 habentur.
408 2268 459 2305 Ac
487 2269 627 2306 libellos
655 2271 722 2306 sub
749 2283 889 2319 quoque
917 2271 1061 2307 nomine
1088 2278 1319 2308 enumeratos
1349 2272 1399 2308 ita
1428 2272 1689 2321 disposuimus,
1720 2279 1756 2307 ut
1768 2271 1894 2320 primo

165 2335 240 2370 loco
278 2344 510 2373 monumenta
544 2338 737 2374 historiam
773 2339 1019 2376 universalem
1055 2340 1275 2384 tractantia‚
1317 2347 1358 2376 ut
1394 2341 1568 2384 annales,
1609 2339 1784 2376 chronica
1818 2347 1893 2385 etc.,

164 2403 291 2440 deinde
318 2417 360 2440 ea
389 2417 482 2453 quae
511 2407 560 2442 ad
586 2406 682 2443 hunc
711 2408 827 2443 locum
855 2414 1028 2456 spectant,
1058 2415 1098 2443 ut
1122 2415 1226 2456 qesta
1255 2409 1518 2458 episcoporum,
1547 2408 1701 2456 denique
1728 2421 1771 2445 ea
1799 2421 1894 2457 quae

164 2471 205 2506 de
235 2474 468 2510 momzsteriis
496 2474 616 2510 eodem
645 2475 720 2511 loco
742 2475 824 2512 sitis
843 2476 1051 2525 conscripta
1073 2483 1167 2520 sunt,
1196 2484 1237 2513 ut
1251 2484 1355 2525 qesta
1375 2477 1558 2521 abbatum,
1587 2477 1797 2525 necroloqia
1817 2484 1892 2522 etc„

165 2540 396 2587 afferrentur.
439 2542 635 2579 Praeterea
657 2543 834 2580 hodierna
856 2545 1018 2581 locorum
1038 2545 1187 2581 nomina
1209 2545 1420 2582 addidimus
1439 2552 1472 2581 et
1486 2545 1744 2590 indicavimus,
1764 2559 1892 2582 mona-

165 2607 278 2643 steria
308 2609 415 2646 cuius
441 2610 605 2647 ordinis¹
626 2619 658 2648 et
682 2612 721 2648 in
741 2625 814 2660 qua
835 2613 973 2649 diocesi
991 2613 1063 2649 sita
1075 2613 1234 2662 fuerint,
1262 2613 1522 2650 adnotavimus
1541 2613 1651 2650 etiam
1663 2615 1891 2663 plerumque,

272 2745 300 2782 1)
332 2746 424 2774 Multa
445 2747 575 2775 coenobia
594 2758 645 2784 per
667 2753 814 2784 temporum
838 2750 1039 2777 vicissitudines
1059 2750 1228 2778 diversorum
1249 2751 1378 2777 ordinum
1393 2751 1488 2786 fuisse
1509 2750 1632 2777 omnibus
1653 2755 1745 2777 notum
1766 2755 1818 2784 est,
1842 2751 1893 2778 sed

165 2805 223 2823 eum
245 2797 368 2824 ordinem
389 2802 493 2825 tantum
514 2800 706 2833 indicaviums,
729 2810 782 2836 quo
804 2802 908 2837 viyente
929 2801 1013 2828 libelli
1033 2802 1097 2828 editi
1118 2803 1145 2828 in
1167 2801 1285 2838 quolibet
1306 2803 1472 2829 monasterio
1494 2803 1643 2838 conscripti
1661 2806 1732 2830 sunt.
