2081 3193
210 163 249 193 56

330 248 380 276 IX.

325 342 376 371 XI,

312 437 378 466 XII.

294 484 376 513 XIII.

294 626 375 655 XIV.

308 674 373 702 XV.

292 958 373 987 XVI.

278 1242 374 1271 XVII.

258 1336 370 1365 XVIII.

290 1384 371 1414 ΧΙΧ.

277 1641 373 1700 imi.

260 2335 370 2365 XXIII.

260 2431 369 2460 XXIV.

274 2478 368 2507 XXV.

261 2525 369 2556 XXVI.

244 2573 369 2601 XXVII.

229 2620 370 2650 XXVIII.

750 163 924 190 TABULAE.
943 179 977 183 —
996 164 1228 192 SCRIPTORUM
1247 166 1276 193 T.
1289 166 1404 193 XXVII.

412 249 456 277 Ex
468 249 590 277 Ricardi
603 249 781 278 Divisiensis
794 249 947 279 Chronicis
963 251 999 280 de
1014 252 1105 289 gestis
1116 252 1239 281 Ricardi
1252 252 1273 281 Ι.
1290 253 1367 290 regis
1380 253 1502 289 Angliae
1518 263 1542 282 a.
1562 254 1750 282 1189—119‘2

409 296 453 324 Ex
476 296 573 325 Gestis
595 296 716 325 Henrici
730 296 768 325 II.
792 299 819 326 et
840 297 962 326 Ricardi
978 299 999 328 Ι.
1022 309 1125 336 regum
1145 300 1268 338 Angliae
1290 310 1314 328 a.
1340 300 1524 328 1172—1191
1551 323 1749 330 .....

410 343 453 371 Ex
474 343 587 379 Rogeri
608 344 644 373 de
667 344 809 373 Hoveden
831 345 978 375 Chronica
999 357 1024 375 a.
1047 347 1217 376 801—1201
1255 371 1747 379 ...........

563 391 607 420 Ex
629 391 856 422 Continuationc
878 403 902 421 a.
928 393 1118 422 1202-1225
1157 416 1748 424 .............

411 438 455 466 Ex
467 439 615 468 Ambrosii
627 439 764 468 Carmine
777 440 813 469 de
824 440 947 469 Ricardi
960 441 980 470 I.
996 442 1072 479 regis
1085 442 1187 470 itinere
1200 443 1228 470 in
1241 442 1364 470 Terram
1371 442 1506 471 Sanctum
1519 452 1544 471 a.
1560 443 1749 471 1190-1194

409 486 453 514 Ex
483 485 607 515 Ricardi
632 487 849 516 Londoniensis
881 488 1034 517 [linei-ario
1067 490 1289 527 peregrinorum
1321 489 1454 523 (Ricardi
1476 490 1497 518 I.
1520 492 1548 518 et
1568 490 1697 528 Philippi
1711 490 1748 520 II.

460 533 576 571 regum)
598 544 623 563 a.
647 535 838 563 1187-1194
861 558 1748 565 ...................

564 582 607 610 Ex
628 582 728 611 libello
751 582 787 611 de
810 584 1026 620 expugnatione
1047 583 1156 612 Terrae
1179 583 1301 613 Sanctae
1324 594 1348 613 a.
1374 585 1502 613 1187—1
1512 584 1559 612 191
1597 607 1601 612 .
1645 607 1650 612 .
1694 608 1698 612 .
1742 608 1747 612 .

407 628 451 656 Ex
474 628 617 657 Willelmi
638 629 860 666 Neuburgensis
882 630 1010 659 Historia
1032 631 1195 668 Anglicana
1216 641 1240 661 a.
1265 631 1453 659 1109—1197
1497 654 1747 660 ......

406 675 451 703 Ex
471 675 591 705 Radulfi
614 677 650 705 de
672 677 777 706 Diccto
799 677 903 706 decani
924 678 1141 707 Londoniensis
1163 679 1302 716 operibus
1323 679 1471 707 historicis
1499 701 1747 709 ......

561 724 607 752 Ex
627 725 855 754 Abbreviationc
877 726 1083 755 chronicorum
1104 736 1128 754 a.
1152 726 1323 754 662-1139
1345 748 1746 755 .........

563 771 606 799 Ex
628 771 823 809 Ymaginibus
845 773 1034 801 historiarum
1056 783 1080 801 a.
1104 773 1295 802 1151—1‘200
1350 795 1745 802 .........

562 818 721 856 Cat—alogus
742 820 914 856 pontificum
936 820 1141 850 Romanorum
1163 837 1199 840 ——
1224 820 1295 848 1178
1352 842 1746 849 .........

561 865 694 904 Catalogi
715 867 933 904 nuperatorum,
957 877 1060 905 regum
1079 868 1266 902 Francorum,
1290 867 1463 902 Gothorum,
1486 868 1748 905 Langobardorum

562 912 659 942 Series
681 915 821 943 comitum
836 915 1095 952 Andcgavensium
1117 917 1144 943 et
1162 914 1396 949 Flandrensiuni⁷
1419 915 1528 943 ducum
1542 916 1749 953 Apuliensium

406 960 450 988 Ex
472 959 607 989 Gervnsii
628 962 765 990 monachi
788 961 1009 991 Cantuariensis
1032 962 1170 999 operibus
1193 962 1340 991 historicis
1348 983 1746 991 .........

560 1008 604 1036 Ex
627 1008 773 1037 Chronica
795 1019 819 1037 a,
845 1009 1034 1038 1107—1198
1057 1031 1063 1036 .
1106 1032 1112 1037 .
1155 1030 1161 1036 .
1204 1031 1209 1036 .
1253 1030 1259 1036 .
1303 1031 1308 1035 .
1351 1031 1356 1035 .
1401 1031 1405 1036 .
1449 1032 1455 1049 ·,
1497 1031 1745 1038 ......

560 1055 605 1084 Ex
627 1055 725 1084 Gestis
748 1066 851 1093 regum
871 1057 1035 1094 Anglorum
1055 1066 1079 1084 a.
1105 1056 1294 1084 1107-1207
1351 1078 1746 1086 .........

713 1103 759 1131 Ex
781 1103 938 1132 Gestorum
961 1103 1188 1133 Continuatione
1210 1103 1353 1132 Cantiana
1374 1113 1398 1132 a.
1423 1103 1613 1132 1213—1316
1644 1127 1649 1132 .
1693 1127 1698 1132 .
1741 1127 1746 1132 .

560 1150 604 1178 Ex
625 1151 748 1179 Actibus
769 1151 941 1188 pontificum
963 1151 1221 1180 Cantuariensium
1243 1161 1267 1179 a.
1293 1150 1481 1179 1121—1194
1498 1174 1746 1179 ......

561 1197 605 1226 Ex
626 1198 734 1236 Mappa
755 1199 857 1227 mundi
909 1220 1743 1227 ..................

408 1243 451 1272 Ex
476 1243 541 1273 Vita
562 1245 696 1282 Hugonis
719 1246 851 1283 episcopi
872 1246 1088 1275 Lincolniensis
1111 1246 1146 1284 (†
1162 1245 1249 1282 1200)
1271 1248 1345 1274 auct.
1368 1246 1482 1275 Adamo
1495 1268 1744 1275 ......

559 1293 604 1321 Ex
625 1293 695 1321 Vita
716 1293 852 1331 Hugonis
874 1294 1006 1331 episcopi
1026 1294 1149 1322 metrica
1203 1315 1743 1323 ............

403 1338 447 1367 Ex
468 1338 591 1368 Iocelini
613 1340 650 1368 de
672 1340 858 1370 Brakelonda
880 1341 1027 1370 Chronica
1048 1341 1075 1369 S.
1097 1341 1245 1369 Edmundi
1269 1350 1293 1369 a.
1318 1341 1508 1369 1173—1193
1544 1363 1744 1369 .....

403 1386 447 1414 Ex
468 1386 590 1416 Radulfi
610 1388 693 1426 Nigri
714 1389 860 1418 chronicis
913 1410 1745 1419 ..................

559 1435 604 1463 Ex
626 1435 773 1465 Chronica
793 1437 954 1465 universali
975 1446 1000 1465 a*
1023 1436 1196 1464 ’ΠΙ-1194
1253 1458 1744 1466 ...........

558 1482 603 1511 Ex
625 1482 771 1513 Chronica
791 1484 915 1521 Anglica
936 1494 961 1512 a.
984 1483 1157 1513 879—1168
1204 1505 1598 1513 .........
1603 1504 1605 1506 -
1641 1507 1647 1513 .
1689 1506 1695 1511 .
1738 1508 1744 1514 .

557 1530 602 1558 Ex
624 1530 787 1560 Chronicae
809 1532 950 1569 Anglicae
973 1531 1201 1560 Continuatione
1223 1541 1247 1559 a.
1273 1531 1462 1560 1167-1173
1494 1553 1744 1561 ......

403 1576 447 1605 Ex
468 1577 590 1606 Radulfi
611 1579 725 1607 abbatis
748 1578 996 1617 Coggeshalensis
1018 1579 1148 1608 Historia
1168 1578 1330 1615 Anglicanu
1351 1588 1376 1606 a.
1402 1578 1590 1606 llio—1223
1642 1603 1647 1608 .
1690 1603 1696 1608 .

402 1624 447 1652 Ex
469 1624 603 1654 Gcrvasii
624 1626 848 1656 Tillebcriensis
871 1627 945 1655 Otiis
967 1627 1170 1664 imperialibus
1203 1648 1742 1655 ............

405 1672 450 1700 Ex
472 1672 587 1701 Giraldi
608 1673 798 1703 Cambrensis
819 1675 958 1712 operibus
1005 1695 1741 1703 ................

556 1721 601 1749 Ex
622 1721 697 1751 libro
720 1722 756 1750 de
778 1723 968 1751 instructione
989 1721 1130 1759 principis
1153 1742 1742 1750 .............

556 1768 600 1796 Ex
621 1769 831 1807 Topographia
851 1769 1010 1798 Hiber-nica
1052 1789 1740 1798 ...............

557 1815 602 1844 Ex
622 1816 847 1854 Expugnatione
868 1817 1029 1846 Hiberniae
1051 1826 1075 1845 a.
1101 1816 1291 1843 1172—1179
1347 1838 1741 1845 .........

557 1863 602 1892 Ex
622 1863 775 1893 Itinerario
801 1864 960 1893 Kambriae
1006 1884 1741 1893 ................

556 1910 600 1939 Ex
621 1911 828 1949 Descriptione
849 1911 1008 1940 Kambriae
1054 1933 1741 1941 ...............

556 1958 601 1986 Ex
622 1958 691 1987 Vita
712 1959 838 1988 Galfridi
860 1959 1074 1997 archiepiscopi
1095 1958 1291 1987 Eboracensis
1313 1957 1348 1996 (ἦ-
1365 1957 1451 1994 1212)
1494 1981 1742 1988 ......

556 2005 601 2033 Ex
623 2006 691 2035 Vita
712 2006 847 2044 Hugonis
870 2007 1001 2044 episcopi
1022 2006 1240 2035 Lincolniensis
1263 2005 1298 2043 (ἦ-
1316 2004 1401 2042 1200)
1444 2029 1740 2035 .......

556 2053 600 2081 Ex
622 2053 747 2083 Gemma
769 2055 969 2083 ecclesiastica
1005 2074 1740 2083 ................

556 2101 600 2129 Ex
621 2101 704 2130 libris
726 2102 762 2130 de
783 2102 871 2130 rebus
893 2111 910 2129 a
931 2111 963 2130 se
983 2101 1075 2139 gestis
1096 2111 1120 2129 a.
1146 2100 1335 2128 1177—1199
1395 2121 1740 2128 ........

555 2148 600 2176 Ex
620 2149 704 2177 fibris
726 2149 762 2178 de
784 2149 1000 2178 invectionibus
1004 2168 1739 2177 ................

555 2195 599 2224 Ex
620 2197 755 2225 versibus
810 2216 1739 2225 ....................

556 2243 601 2271 Ex
622 2253 710 2281 opere
732 2244 768 2273 de
790 2245 852 2273 iure
875 2246 903 2273 et
925 2246 1001 2272 statu
1021 2243 1210 2272 Menevensis
1232 2243 1376 2271 ecclesiae
1398 2252 1423 2271 a.
1448 2241 1529 2270 1199.
1553 2242 1641 2270 1200.
1683 2264 1689 2269 .

554 2291 600 2320 Ex
621 2291 745 2329 Speculo
768 2292 912 2320 ecclesiae
954 2311 1737 2320 .................

403 2337 448 2366 Ex
469 2338 601 2368 Thomac
623 2339 738 2368 abbatis
760 2338 907 2368 Chronico
930 2338 1144 2367 Eveshamensi
1165 2348 1190 2367 a.
1216 2336 1404 2365 1035—1213
1440 2358 1738 2367 .......

555 2386 599 2415 Ex
621 2386 847 2416 Continuatione
869 2396 894 2414 a.
920 2385 1110 2414 1215-1236
1149 2405 1738 2415 .............

401 2433 446 2461 Ex
466 2434 630 2462 Annalibus
651 2434 678 2464 S.
700 2434 849 2462 Edmundi
871 2443 894 2462 a.
920 2433 1110 2461 1065-1212
1149 2454 1738 2462 .............

400 2481 446 2509 Ex
466 2482 628 2510 Annalibus
651 2482 687 2510 de
708 2481 831 2519 Margan
853 2491 877 2511 a.
903 2480 1092 2510 1084-1229
1147 2501 1736 2510 .............

401 2527 445 2556 Ex
466 2528 628 2557 Annalibus
651 2529 687 2557 de
709 2528 882 2558 Southwark
903 2528 1105 2557 Londoniensi
1127 2538 1151 2556 a.
1178 2526 1368 2555 1106—1240
1393 2549 1738 2557 ........

400 2575 446 2604 Ex
466 2576 629 2605 Annalibus
650 2576 884 2605 Melrosensibus
906 2586 930 2605 a.
953 2575 1127 2605 814—1264
1149 2595 1737 2604 .............

401 2622 446 2651 Ex
466 2624 630 2652 Annalibus
651 2623 805 2652 Meneviae
827 2634 851 2653 a.
878 2622 1065 2651 1107-1273
1102 2642 1737 2652 ..............

554 2671 598 2699 Ex
620 2670 846 2700 Continuationc
868 2670 1116 2699 &ratae-floridae
1138 2680 1163 2698 ai
1189 2669 1396 2697 1214—1‘260.
1439 2692 1444 2697 .
1487 2693 1492 2698 .
1535 2665 1556 2699 ‚⁴
1584 2693 1590 2699 .
1631 2693 1636 2698 .
1681 2691 1687 2697 .
1729 2694 1735 2699 .

554 2717 599 2746 Ex
620 2717 766 2747 Chronico
787 2718 953 2756 principum
975 2717 1149 2746 Cambrensi
1171 2727 1196 2745 a.
1221 2716 1411 2744 1103—1274
1438 2737 1735 2745 .......

1846 220 1918 247 pagg.

1812 255 1885 283 75—
1907 255 1944 283 80

1811 302 1944 331 81-132

1792 350 1942 378 133—183

1793 396 1944 425 183—190

1790 443 1943 472 532-546

1793 538 1942 566 191-219

1790 585 1844 613 219
1888 585 1944 612 220

1791 632 1942 661 221-248

1790 680 1942 708 249-293

1789 727 1943 756 254-260

1788 774 1942 804 260-286

1789 821 1941 851 286-289

1789 869 1950 902 289-292,

1790 916 1845 944 292
1887 917 1941 945 293

1790 963 1942 991 294-315

1788 1010 1941 1038 297-308

1789 1057 1844 1086 308
1885 1057 1940 1085 309

1788 1104 1941 1133 309-315

1885 1152 1941 1180 315

1884 1200 1940 1228 315

1786 1247 1939 1274 316-323

1786 1294 1841 1322 323
1883 1294 1940 1322 324

1786 1340 1940 1369 324-326

1787 1389 1940 1418 327-344

1786 1437 1937 1466 331-341

1785 1485 1938 1514 341—343

1785 1533 1841 1560 343
1882 1533 1939 1561 344

1739 1602 1744 1607 .
1786 1580 1938 1610 344-358

1784 1627 1939 1656 359-394

1784 1674 1935 1703 395-421

1783 1721 1936 1750 399—407

1782 1769 1838 1797 407
1879 1770 1936 1799 408

1880 1818 1936 1846 408

1782 1864 1838 1893 408
1879 1864 1936 1892 409

1879 1912 1937 1940 410

1783 1960 1840 1987 410
1879 1960 1934 1988 411

1781 2007 1836 2034 411
1878 2007 1935 2035 412

1780 2053 1935 2082 412-414

1781 2102 1934 2130 414-416

1876 2150 1934 2178 416

1780 2196 1837 2224 416
1877 2197 1934 2224 417

1732 2265 1738 2270 .
1779 2244 1835 2271 417
1876 2245 1933 2274 418

1778 2291 1929 2320 418-421

1778 2338 1933 2367 4224425

1876 2386 1932 2414 425

1779 2433 1835 2461 426
1875 2434 1931 2462 427

1778 2481 1933 2510 428-430

1778 2529 1932 2558 430-432

1777 2576 1931 2604 432-442

1778 2623 1932 2652 442-444

1873 2671 1930 2698 444

1776 2718 1929 2746 444--448
